3270 5382
894 505 939 571 20

409 717 526 808 Sybari
540 715 585 806 l),
608 717 749 786 omnium
775 727 882 786 autem
906 720 1042 787 maxime
1061 720 1156 808 juxta
1179 717 1329 809 Spartam
1351 719 1419 813 cy-

407 863 520 921 renas,
545 863 608 929 quo
629 839 735 908 cultus
750 837 911 930 Apollinis
928 839 1046 910 Carnei
1062 865 1121 931 per
1136 843 1293 912 coloniam
1309 845 1419 911 Thera

409 975 458 1032 est
480 963 654 1045 deductus,
679 963 766 1030 unde
791 962 916 1032 Gallim.
939 963 996 1032 bl.
1019 987 1065 1032 vs
1090 967 1109 1030 7
1115 967 1157 1032 2ι

470 1196 606 1277 Σπάρτη
627 1215 694 1270 τοι,
716 1195 873 1278 Καροιῖι,
896 1190 967 1258 τόδε
988 1195 1166 1278 πρώτιστον
1188 1189 1322 1260 ἔδεθλον
1334 1243 1344 1273 ,

474 1313 627 1394 ΔιιΙτιροο
649 1302 693 1376 οὔ
713 1310 809 1394 Θηρη,
831 1309 979 1393 τρίτατον
998 1335 1033 1390 γε
1052 1311 1112 1394 μὲν
1130 1313 1212 1376 ἄοτο
1228 1315 1384 1396 Κυρήνης.

473 1431 534 1494 Ἐκ
553 1428 612 1512 μέν
634 1451 666 1494 οε
688 1432 840 1514 Σπάρτης
864 1427 957 1494 ἐἰιτοι
978 1427 1069 1509 γένος
1093 1427 1267 1496 Οἰδιπόδαο

471 1545 600 1626 ’Ἡγοιγε
622 1546 764 1630 Θηραίηο
786 1547 817 1622 ἐς
838 1545 1014 1612 οἷπόιιτισιι·
1035 1547 1069 1611 ἐκ
1090 1544 1126 1612 δέ
1145 1569 1177 1612 σε
1200 1548 1303 1632 Θήρης

474 1658 573 1738 Οὖλος
598 1660 824 1749 Ἀριστοτέλης
847 1661 1040 1752 Ἀοβοοτίδι
1061 1669 1202 1750 πάρθετο
1222 1666 1310 1751 γαίη·

471 1786 566 1865 Δεῒμε
589 1777 625 1846 δέ
643 1801 693 1846 τοι
713 1777 801 1864 μάλα
820 1778 919 1848 ιιοιλὸν
938 1781 1125 1869 οξοάιιτοροο·
1146 1784 1181 1850 tv
1200 1781 1235 1850 δὲ
1254 1779 1355 1867 πόληΐ

471 1901 553 1984 &vius
575 1895 775 1985 τιλτορορίηο
801 1899 964 1984 ἱπιτηοιον
987 1935 1033 1952 -
1051 1935 1097 1956 -

450 2083 508 2152 Ad
531 2107 628 2172 quem
651 2083 760 2152 locum
784 2082 848 2152 Off.
871 2081 980 2153 Schol.
1004 2094 1037 2150 st
1061 2083 1245 2172 Spanheim.
1285 2085 1338 2152 Ex
1354 2085 1416 2152 hoc

404 2215 513 2276 autem
535 2204 626 2286 loco,
652 2227 725 2272 cum
749 2204 882 2272 Pindar.
906 2205 1003 2294 Pyth.
1019 2205 1063 2286 V,
1082 2206 1125 2273 75
1143 2229 1210 2294 sqq.
1227 2207 1417 2293 conjuncto,

402 2339 494 2420 patet
521 2328 676 2415 imprimis
704 2327 744 2394 ab
774 2325 910 2416 Aegidis
939 2327 1027 2394 hunc
1051 2327 1174 2395 cultum
1196 2351 1255 2416 per
1280 2327 1416 2396 Graeci-

404 2475 457 2520 am
486 2462 519 2518 et
551 2449 692 2518 colonias
722 2448 820 2518 fuisse
847 2459 1062 2538 propagatum
1077 2449 1123 2535 2),
1152 2451 1272 2518 Thebis
1301 2461 1334 2517 et
1356 2473 1416 2540 per

402 2575 461 2642 bas
490 2597 531 2640 ex
556 2572 734 2642 Phoenicia
763 2583 796 2638 et
824 2573 969 2652 oriente,
993 2581 1030 2638 ut
1053 2572 1197 2654 videtur,
1222 2571 1417 2653 oriundum,

402 2695 511 2786 prouti
548 2693 589 2759 ds
625 2693 695 2760 aliis
730 2694 808 2762 item
844 2691 983 2761 cultibus
1012 2703 1045 2760 et
1070 2693 1279 2784 religionibus
1303 2691 1417 2762 eodem

400 2817 497 2886 modo
524 2839 594 2886 rem
618 2838 688 2884 sess
711 2815 886 2900 habuisse,
913 2817 990 2884 satis
1018 2825 1143 2883 constat
1158 2813 1198 2906 8).

435 3125 461 3186 1)
477 3121 532 3174 Vis.
549 3137 571 3172 ο.
588 3139 613 3188 g.
629 3120 730 3172 Psussn.
747 3118 800 3178 111,
817 3117 858 3178 21,
876 3119 901 3174 7.
915 3119 960 3179 24,
977 3121 1000 3171 5.
1015 3119 1060 3179 28,
1074 3120 1090 3168 8
1103 3118 1128 3166 st
1141 3117 1164 3164 5.
1179 3113 1311 3172 11‚10.2.
1324 3114 1369 3172 11,
1387 3112 1412 3164 2.

399 3205 446 3266 lv,
464 3207 509 3264 88,
528 3207 552 3254 ⁵.
568 3203 666 3254 Thoos.
683 3201 715 3261 V,
733 3201 764 3249 88
779 3199 856 3266 ibique
874 3200 952 3250 Schol.
970 3201 1008 3252 cf.
1025 3199 1139 3261 Exserpts
1155 3210 1168 3244 ο
1184 3194 1257 3260 Papia
1272 3193 1298 3243 in
1314 3195 1411 3246 Schnei-

399 3285 483 3337 sewini
496 3283 619 3351 Philologo
635 3277 675 3333 Αἰ.
692 3281 772 3340 1847,
789 3281 833 3331 Ν·.
851 3281 894 3338 II,
911 3297 936 3345 p.
953 3279 1002 3328 248
1017 3293 1067 3340 sqq.

434 3366 460 3426 2)
476 3365 514 3416 cf.
531 3363 628 3423 Miller,
646 3361 759 3412 orcham.
776 3375 801 3425 p.
819 3359 881 3416 827,
899 3361 923 3406 ei
938 3355 1048 3406 Rerisbbs
1064 3353 1104 3406 iib.
1121 3354 1145 3406 d.
1162 3353 1373 3406 sicha-assumi.
1389 3355 1414 3406 (Ι.

400 3444 543 3496 Wisssnssb.
559 3443 585 3492 in
603 3442 683 3508 Leipz.
701 3440 775 3492 1847.
794 3437 844 3496 VI,
862 3452 886 3501 p.
904 3435 953 3484 224
969 3450 1020 3500 sqq.

434 3523 460 3584 8)
477 3521 516 3574 cf.
538 3520 705 3576 Wschsmutb,
727 3515 744 3566 1.
761 3513 778 3566 i.
796 3513 828 3565 V.
845 3513 887 3577 11,
909 3531 933 3581 p.
956 3515 1019 3577 471,
1038 3517 1062 3566 et
1077 3513 1160 3582 Eurip.
1177 3514 1297 3567 Phoeniss.
1313 3529 1348 3566 τι.
1365 3513 1415 3563 214

402 3607 426 3656 et
442 3605 491 3656 280
507 3617 557 3669 sqq.
574 3599 652 3665 ibiqns
668 3598 728 3650 luti.
