3270 5382
462 726 539 768 usus
564 705 727 790 requirere
753 703 889 769 videtur.
919 702 968 771 Cf.
989 713 1116 790 praeter
1140 703 1214 771 Intt.
1241 704 1282 770 ad
1298 703 1360 782 hl.
1390 705 1470 771 Dio·
1573 692 1574 706 ¹

462 850 532 915 nys.
563 825 668 892 Halic.
697 825 777 892 Ant.
806 826 898 893 Rom.
922 826 956 906 Ι,
982 829 1038 904 24,
1067 827 1137 892 loeo
1162 829 1288 916 insigni.
1334 827 1470 894 Frustra

461 948 646 1036 Thucydidi
682 947 867 1036 obloquitur
902 945 1096 1036 Apollonius
1131 947 1350 1017 Acharuensis
1385 951 1471 1038 apud

462 1067 569 1137 Schol.
598 1071 764 1160 Aristoph.
792 1071 878 1138 Nub.
904 1073 999 1153 408,
1023 1071 1136 1138 Diasia
1160 1097 1179 1138 a
1202 1071 1294 1139 Jovis
1318 1071 1471 1139 Meilichii
1578 1132 1580 1156 p

462 1196 550 1260 cultu
574 1215 754 1259 secernens.
801 1192 862 1259 Est
887 1194 971 1260 enim
995 1193 1112 1259 festum
1132 1193 1358 1280 expiatorium,
1385 1194 1470 1281 quod
1580 1206 1582 1288 ζ

461 1318 590 1382 omuino
626 1315 667 1382 ad
701 1316 819 1384 Jovem
855 1315 1076 1394 Meilichium,
1112 1329 1148 1382 ut
1172 1315 1223 1382 vel
1248 1339 1287 1381 ex
1317 1317 1386 1403 ipso
1410 1341 1470 1383 no·

460 1440 546 1504 mino
570 1450 723 1525 apparet,
747 1439 886 1525 pertinet
906 1435 950 1523 l),
975 1438 1062 1504 unde
1086 1437 1180 1503 etiam
1199 1461 1263 1504 vox
1280 1441 1398 1502 Διάσια
1408 1439 1471 1502 dno
1584 1498 1585 1512 ,

460 1569 515 1624 τοῦ
541 1558 707 1641 διαφυγεῖν
726 1559 839 1633 αὐτούς
862 1558 966 1645 εὐχαῖς
990 1561 1046 1632 τὰς
1065 1563 1145 1633 ἄσας
1163 1560 1326 1626 derivatur
1342 1559 1381 1646 2).
1407 1559 1470 1626 Cui

461 1681 674 1769 etymologiae
711 1682 770 1746 etsi
805 1704 870 1745 non
906 1703 1125 1768 magnopere,
1157 1695 1192 1747 ut
1215 1683 1261 1748 fas
1286 1695 1348 1762 cst,
1373 1683 1469 1748 fidem

460 1803 636 1881 habemus,
671 1803 769 1890 ipsius
804 1813 912 1868 tamen
936 1804 1008 1869 festi
1031 1815 1180 1870 naturam
1204 1805 1286 1870 beno
1311 1807 1469 1893 explicat,
1510 1867 1521 1884 ,

460 1926 577 2012 quippo
608 1947 682 1990 cum
714 1925 841 1990 tristitia
866 1925 1005 2012 quadarn
1030 1937 1063 1992 ct
1086 1949 1232 1993 moerore
1257 1927 1411 1993 celebrati
1428 1925 1469 2010 3).

459 2046 631 2135 Agebatur
655 2058 762 2112 autem
788 2045 840 2112 die
865 2049 909 2113 23
934 2049 1051 2113 mensis
1076 2045 1335 2114 Anthesterionis
1351 2050 1394 2133 4),
1412 2071 1470 2135 per

457 2170 587 2258 plures,
611 2180 648 2234 ut
672 2168 812 2248 videtur,
837 2168 925 2246 dies,
951 2169 990 2234 ab
1014 2169 1180 2248 universo,
1201 2179 1238 2233 ut
1261 2169 1469 2256 Thucydides

458 2293 479 2359 l.
502 2293 523 2359 l.
548 2293 645 2371 dicit,
675 2292 794 2378 populo
819 2301 852 2356 et
871 2303 940 2356 erat
963 2291 1081 2356 festum
1105 2293 1289 2357 maximum.
1338 2293 1469 2374 Θιέματα

458 2416 611 2500 ἐπιχώρια
647 2427 754 2479 autem
790 2413 867 2500 quid
897 2414 957 2493 sit,
982 2413 1129 2480 dubitant
1151 2413 1371 2502 Interpretes,
1393 2435 1469 2500 par-

456 2521 513 2602 tim
538 2561 612 2604 eum
642 2535 822 2604 Scholiasta
845 2560 904 2623 per
927 2535 1074 2620 πέμματα
1095 2539 1137 2611 εἷς
1164 2537 1252 2614 ζώων
1275 2538 1396 2621 μορφὰς
1420 2557 1469 2600 τι·

455 2657 626 2741 τοπωμένα
642 2660 850 2746 explicantes,
864 2662 979 2747 partim
991 2683 1050 2746 per
1061 2659 1186 2746 fruges:
1205 2659 1281 2724 mihi
1291 2657 1467 2750 ‚explicatio

456 2777 563 2846 Schol.
588 2781 741 2868 imprimis
765 2781 893 2868 placet,
919 2807 993 2848 cum
1021 2793 1054 2847 et
1077 2781 1151 2846 alibi
1175 2783 1209 2846 in
1224 2779 1467 2848 Jovismaxime

456 2903 559 2983 cultu,
583 2904 659 2990 ipsis
683 2903 764 2970 adeo
789 2904 949 2981 Athenis,
978 2903 1090 2966 eadem
1114 2912 1284 2968 occurrant
1307 2898 1465 2978 πέμματα.

457 3024 512 3091 Sic
529 3048 556 3089 e.
569 3049 600 3112 g.
617 3025 756 3090 Pausan.
772 3025 805 3103 I,
819 3026 879 3103 26,
897 3025 916 3089 6
934 3033 1044 3088 narrat
1060 3023 1101 3089 ad
1117 3023 1280 3088 introitum
1291 3015 1467 3082 Erechthei

456 3170 525 3212 csse
562 3169 651 3212 aram
685 3146 779 3214 Jovis
807 3147 959 3226 maximi,
989 3147 1040 3211 cui
1062 3142 1139 3209 nihil
1163 3141 1227 3205 vivi
1251 3137 1466 3214 sacrificatur,

458 3270 515 3334 sed
551 3267 698 3353 πέμματα
733 3282 878 3357 ponunt,
901 3291 1007 3353 neque
1030 3267 1105 3329 vino
1129 3272 1277 3338 utuntur3
1302 3272 1335 3325 et
1357 3257 1467 3335 VIII,

458 3399 495 3469 2,
523 3394 557 3468 1,
595 3395 649 3478 qui
683 3392 772 3457 locus
801 3391 920 3475 optime
944 3397 1088 3451 nostrum
1114 3384 1271 3472 explicat:
1295 3384 1391 3465 ὁμέν
1409 3381 1468 3465 γὰρ

458 3513 523 3577 Δία
545 3536 578 3576 τε
609 3511 769 3594 ὠνόμασεν
796 3507 943 3574 Ὕπατον
966 3511 1106 3592 πρῶτος,
1129 3508 1182 3571 καὶ
1202 3508 1301 3570 ὁπόσοι
1319 3504 1381 3590 ἔχει
1400 3519 1469 3585 ψο-

459 3637 527 3718 χὴν,
550 3633 669 3696 τούτων
693 3630 750 3710 μέν
768 3629 896 3710 ἠξίωσεν
919 3626 1012 3693 οὐδέν
1034 3631 1150 3706 θῦσαι,
1179 3623 1325 3706 πέμματα
1348 3622 1382 3686 δέ
1403 3624 1470 3686 έπι·

460 3754 557 3837 papea
590 3751 642 3814 ἐπὶ
677 3753 732 3814 τοῦ
761 3750 863 3836 βωμοῦ
888 3753 1078 3829 καθήγισεν,
1103 3749 1125 3810 οἳ
1148 3741 1302 3816 πελάνους
1324 3739 1471 3806 καλοῦσιν

491 4075 515 4133 l)
533 4073 571 4121 Cf.
588 4069 678 4120 Muller
694 4070 723 4120 σᾶ
739 4067 848 4132 Aeschyl.
866 4067 989 4116 Eumenid.
1007 4083 1031 4132 p.
1050 4067 1107 4115 139.

491 4155 516 4213 2)
534 4152 612 4202 Schol.
630 4151 750 4216 Aristoph.
769 4147 833 4199 Nub.
851 4150 908 4200 408.
927 4149 992 4196 Suid.
1010 4151 1034 4197 ct
1046 4145 1147 4210 Etymol.
1165 4145 1203 4194 M.
1217 4160 1241 4194 v.

492 4236 517 4294 3)
534 4232 612 4282 Schol.
630 4232 726 4280 Lucian.
745 4231 845 4280 Icarum.
863 4230 922 4294 Cap.
939 4229 986 4277 24:
1009 4233 1093 4280 Διάσια
1107 4230 1175 4296 ἑορτὴ
1186 4223 1305 4294 Ἀθήνῃσιν,
1321 4226 1347 4282 ἣν
1358 4225 1473 4276 lucellum

460 4319 521 4380 μετά
537 4319 771 4378 transcriptorum,
792 4313 879 4369 θύοντες
896 4313 918 4361 ἐν
936 4313 994 4380 αὐτῇ
1005 4314 1039 4361 Διὶ
1054 4310 1173 4375 Μειλιχέῳ.
1191 4307 1230 4356 Cf.
1247 4305 1351 4368 Hosyoh.
1367 4320 1392 4355 v.

491 4397 516 4456 t)
534 4393 611 4444 Schol.
630 4392 750 4457 Aristoph.
770 4390 833 4442 Nub.
851 4391 908 4440 408.
927 4391 964 4440 Cf.
982 4389 1076 4440 Tricliu.
1094 4389 1123 4440 ad
1140 4384 1248 4453 Sophocl.
1265 4383 1470 4437 ulutatum.
