3270 5382
706 439 748 542 2‘5

218 665 259 732 ad
282 657 579 750 praeparationem,
611 647 705 722 ut'in
727 654 894 744 Mysteriis
906 701 915 734 ‚
948 625 1235 742 Thesmophoriis,

217 783 395 860 similibus,
422 781 585 868 pertinere
608 777 751 856 videtur,
777 778 892 864 quibus
916 778 986 865 pari
1011 778 1136 844 ratione
1163 776 1234 842 dies

217 904 563 992 προπαρασαιναοτιιιός
585 900 638 966 vel
662 899 771 987 plures
796 898 877 966 adeo
899 898 1104 977 accedebant,
1129 899 1231 964 maxi-

218 1050 271 1092 me
296 1021 383 1112 apud
405 1020 620 1088 Athenienses
644 1021 808 1109 religiosos
833 1033 865 1087 et
889 1021 1003 1086 harum
1028 1043 1137 1086 rerum
1159 1019 1232 1085 dili-

219 1157 343 1236 gentes.
389 1142 479 1227 Quid
501 1115 608 1210 tribus¹
629 1143 717 1209 bisce
741 1143 872 1222 diebus,
889 1143 1006 1230 quibus
1022 1143 1150 1231 proprie
1166 1140 1233 1206 fes-

221 1283 289 1334 tum
325 1265 512 1344 constabat,
549 1275 716 1354 ageretur,
752 1265 904 1331 universe
940 1265 1059 1352 optime
1083 1274 1172 1350 patet
1191 1285 1233 1328 cx

221 1393 291 1458 loco
316 1387 479 1475 Aristoph.
504 1383 612 1454 Schol.
636 1385 678 1451 ad
701 1386 846 1452 Acharn.
863 1407 962 1473 supra
976 1385 1062 1452 laud.
1099 1385 1152 1450 De
1169 1385 1235 1450 sin·

220 1512 303 1600 gulis
326 1509 471 1598 pluribus
495 1506 670 1574 videamus.
704 1506 815 1575 Primo
839 1509 938 1596 igitur
961 1506 1013 1573 die
1038 1508 1166 1590 Δορπία
1182 1505 1233 1572 vel

221 1637 361 1717 Δόρπιια
393 1630 541 1715 dict01)‚
572 1631 647 1717 quia
675 1631 744 1717 ejus
768 1653 905 1718 vespera
927 1629 1097 1716 phratores
1121 1630 1233 1696 convi-

219 1754 318 1820 vandi
342 1775 438 1820 causa
462 1731 711 1834 conveniebant,
728 1753 919 1840 εὐωχοῦντο,
936 1753 1023 1840 quod
1040 1750 1234 1818 vocabulum

220 1879 283 1942 hac
305 1878 338 1942 in
362 1899 399 1942 re
422 1885 472 1942 est
495 1877 647 1952 solemne,
671 1887 704 1941 et
726 1885 864 1940 testatur
880 1874 988 1942 Schol.
1005 1874 1202 1963 Aristophl
1215 1875 1235 1940 l.

221 1997 279 2064 Ad
313 2021 393 2084 quas
426 1998 595 2064 curialium
632 1995 731 2084 dapes
765 1996 936 2062 referenda
971 1996 1042 2064 loca
1066 1994 1234 2085 Aristoph.

221 2119 417 2207 ¹Thesmoph.
442 2122 531 2188 558:

271 2273 311 2336 τὰ
335 2269 398 2356 κρέ’
425 2271 458 2348 ἐξ
479 2269 710 2355 Ἀπατουρίων
734 2275 804 2344 ταῖς
822 2275 1010 2355 μαστροποῖς
1028 2269 1187 2346 διδοῦσαι,

223 2449 255 2502 et
279 2435 424 2500 Acbarn.
451 2435 540 2498 146:

278 2667 280 2672 ,
381 2588 443 2668 p'pa
466 2590 580 2667 φαγεῖν
603 2580 820 2660 dilassari}
842 2581 1081 2670 Ἀπατουρίων.

219 2732 311 2802 Sami
346 2753 497 2818 quoqne,
536 2755 611 2798 cum
646 2731 814 2798 Homerus
849 2731 1087 2820 Apaturiorum
1125 2730 1238 2799 diebus

222 2856 369 2934 adesset,
399 2877 419 2919 a
449 2855 594 2940 phratria
624 2853 664 2919 ad
694 2875 828 2919 coenam
852 2854 1030 2920 vorabatur
1046 2854 1092 2940 2)ι
1116 2877 1239 2926 menm-

219 2989 334 3044 rantur
357 2976 438 3041 adeo
462 2975 642 3062 peculiares
666 2976 819 3056 ministri,
842 2976 898 3062 qui
921 2977 1015 3056 vino,
1039 2975 1180 3041 lucernis
1196 2977 1239 3040 si·

222 3099 350 3164 milibus
381 3100 414 3164 in
444 3099 493 3164 his
518 3098 687 3164 curialium
713 3099 867 3163 conviviis
891 3101 1132 3186 prospicerent,
1158 3121 1239 3185 quos

224 3220 322 3304 ἀρχὴν
346 3232 462 3286 vocant
478 3219 601 3286 Athen.
616 3219 672 3297 X,
689 3219 733 3284 25
751 3229 784 3284 et
798 3219 894 3289 Phot.
911 3242 942 3284 v.
957 3223 1119 3286 οἰνόπται.
1143 3219 1239 3303 Quae

223 3341 333 3410 omnia
357 3363 430 3405 eum
453 3341 597 3421 Meiere,
621 3339 642 3407 l.
666 3339 686 3406 l.
710 3365 741 3429 p.
760 3343 803 3408 13
829 3340 871 3406 ad
898 3336 1239 3428 primum'Apatnrio·

222 3485 297 3527 rum
320 3459 406 3525 diem
430 3463 548 3548 optime
571 3462 702 3543 referas,
727 3463 802 3528 licet
825 3463 939 3529 ceteris
964 3485 1092 3550 quoque
1109 3462 1239 3543 diebuS,

222 3584 320 3648 tertio
343 3584 497 3662 maxime,
522 3584 691 3649 curialium
716 3581 814 3671 dapes
830 3584 1084 3662 celebrarentur,
1100 3583 1239 3670 adquae

223 3730 320 3772 canes
348 3706 465 3771 afferre
493 3705 699 3772 interdictum
727 3705 824 3772 fuisse
857 3729 898 3772 cx
928 3706 1060 3792 antiquo
1092 3706 1240 3773 novimus

222 3829 395 3916 proverbio
411 3827 451 3913 3).
1256 3819 1266 3850 ⁶

258 4017 282 4076 1)
298 4019 431 4082 Utrumque
448 4017 509 4066 enim
524 4015 651 4065 invenitur.
674 4015 719 4064 Off.
733 4012 783 4062 loca
799 4029 853 4078 pag.
872 4011 905 4062 22
921 4013 967 4062 Νι.
983 4013 998 4061 3
1013 4010 1092 4060 allata.

258 4095 283 4154 2)
299 4097 414 4146 Herodot.
429 4097 470 4162 qui
485 4095 576 4153 dicitur,
591 4095 639 4145 vita
653 4093 764 4151 Homeri,
775 4095 833 4158 Cap.
843 4093 884 4142 29.
902 4093 947 4141 Off.
957 4091 1062 4158 Alciphr.
1071 4089 1169 4158 Epistol.
1180 4090 1203 4151 Ι,
1212 4091 1237 4141 9.

224 4175 321 4226 Tertull.
338 4177 437 4243 Apolog.
455 4178 495 4225 39.
513 4175 591 4224 Schol.
608 4174 701 4223 Platon.
719 4191 743 4238 p.
759 4173 808 4222 202
824 4173 861 4222 ed.
879 4173 975 4222 Ruhnk.

258 4257 283 4313 3)
300 4255 360 4306 Bibl.
376 4256 446 4307 Coisl.
462 4257 522 4306 608:
538 4263 581 4308 Διὰ
596 4263 716 4325 φρατόρων
730 4255 793 4305 κύων·
812 4257 850 4306 aa
863 4265 908 4306 τῶν
923 4255 978 4305 ὅπου
991 4253 1071 4318 pla-iri
1084 4253 1244 4322 εὑρισκομένων

227 4340 264 4388 καὶ
279 4338 317 4387 διὰ
332 4343 399 4390 τοῦτο
414 4341 584 4404 κολαζομένων,
599 4333 657 4407 παρ’
670 4341 719 4390 ὅσον
736 4337 791 4387 ates
802 4337 900 4403 τ’νρτθιὶς
910 4337 1067 4404 τνρράτοριιν
1080 4337 1242 4399 ἐμαστιγοῦτο.
