3270 5382
912 529 956 592 34

427 740 515 808 unde
542 739 630 806 notio
666 739 762 828 hujus
797 738 850 806 dei
878 742 1010 828 ejusque
1040 741 1164 810 dierum
1188 744 1341 814 festorum
1366 772 1441 818 cum

427 887 544 931 aureae
564 863 735 950 cujusdam
759 865 873 930 aetatis
897 877 994 952 etque
1015 867 1215 953 aequalitatis
1231 871 1315 938 inter
1330 897 1443 941 omnes

425 987 570 1054 homines
595 997 644 1053 est
667 987 847 1072 conjuncta.
893 987 1007 1075 Ipsum
1029 987 1124 1056 «Iovis
1144 1013 1280 1080 regnum
1297 1005 1367 1061 tum
1382 997 1442 1062 ab·

424 1122 573 1201 rogatum
603 1109 777 1196 putabatur
805 1121 838 1174 et
864 1108 951 1176 solus
975 1115 1096 1195 Κρόνος
1119 1135 1274 1201 regnare,
1298 1117 1357 1182 sub
1383 1141 1441 1184 cu·

419 1237 474 1321 jus
508 1255 611 1321 regno
639 1231 719 1297 nulli
747 1231 883 1298 aderant
906 1235 1013 1312 servi,
1037 1235 1094 1300 sed
1119 1237 1227 1303 variae
1250 1261 1320 1320 res,
1344 1251 1440 1307 uten-

423 1357 515 1432 silia,
551 1355 702 1421 arrimalia
720 1329 817 1420 'ultro
852 1355 972 1422 homini
1009 1357 1213 1425 serviebant:
1242 1383 1325 1447 quae
1353 1364 1439 1430 vitae

422 1479 558 1546 felicitas
592 1477 793 1544 festivissime
829 1477 870 1542 ab
899 1477 1038 1563 antiquis
1067 1481 1196 1546 comicis
1221 1484 1308 1568 apud
1331 1483 1437 1551 Athe·

422 1621 541 1666 naeum
564 1595 635 1678 VI,
661 1600 720 1677 83,
746 1601 791 1664 94
814 1620 883 1683 sqq.
912 1607 946 1663 et
970 1597 1082 1677 XIII,
1110 1602 1157 1666 44
1189 1601 1380 1672 describitur
1395 1603 1437 1691 1).

422 1723 551 1808 Quibus
587 1721 711 1787 accedit
743 1720 911 1786 Plutarchi
946 1722 1166 1789 testimonium
1182 1722 1232 1809 2),
1261 1727 1347 1812 quod
1373 1726 1436 1792 hoc

419 1849 492 1914 loco
516 1867 555 1911 eo
579 1846 682 1932 magis
705 1841 802 1909 fidem
820 1855 972 1922 meretur,
989 1846 1154 1931 quiscum
1172 1849 1352 1923 Διονοσίοις
1364 1852 1434 1914 κατ’

419 1971 516 2054 α’γρόν
541 1971 711 2056 conjuncta
734 1972 878 2051 Κρόνια,
905 1965 1069 2036 Graecum
1093 1971 1211 2037 festum
1227 1972 1361 2062 intelligi
1377 1973 1435 2039 ds-

419 2093 559 2171 clarant‚
588 2112 689 2177 quare
718 2089 824 2156 locum
858 2112 1020 2177 apponere
1044 2114 1110 2157 non
1134 2092 1255 2159 dubito.
1284 2097 1353 2158 Kal
1376 2097 1435 2178 γὰρ

419 2217 449 2278 οἱ
477 2219 670 2299 θεράποντες
698 2211 777 2276 ὅταν
798 2212 922 2292 Κρόνια
942 2210 1125 2292 δειπνῶσιν,
1142 2217 1162 2294 ἦ
1188 2217 1343 2278 Λιονόοια
1363 2216 1432 2280 και*

419 2327 520 2416 ἀγρόν
547 2336 647 2411 ἄγωσι
676 2333 866 2416 περιϊόντες,
891 2328 947 2393 οὐκ
973 2331 1017 2394 ἂν
1043 2329 1150 2397 αὐτῶν
1179 2333 1238 2396 τόν
1259 2327 1431 2414 ὀλολυγμὸν

416 2450 600 2532 ὑπομείναις
628 2449 683 2512 aul
717 2449 774 2513 τόν
799 2447 951 2533 θόρυβον,
978 2447 1039 2512 ὑπὸ
1061 2455 1216 2534 χαρμονῆς
1234 2449 1288 2512 καὶ
1308 2449 1434 2534 duceno-

417 2567 529 2642 natta,-
555 2569 688 2632 τοιαῦτα
710 2569 888 2632 ποιούντων
909 2566 962 2628 καὶ
976 2567 1212 2648 φθεγγομένων,
1225 2580 1257 2634 et
1269 2570 1324 2653 qui
1336 2591 1433 2654 porro

416 2702 597 2777 sequuntur
618 2713 752 2766 versus,
777 2713 796 2756 e
821 2689 936 2776 quibus
960 2709 1026 2756 non
1051 2693 1155 2756 minus
1180 2713 1276 2776 quam
1301 2713 1340 2754 ex
1367 2689 1432 2756 Co-

414 2816 506 2882 micis
545 2812 633 2902 apud
671 2813 881 2880 Athenaeum
921 2812 1019 2882 modo
1059 2812 1198 2878 laudatis
1236 2810 1430 2880 Oroniornm

414 2947 503 3024 patet
525 2937 664 3002 licentia.

459 3057 554 3126 Haec
589 3057 688 3145 igitur
721 3057 874 3124 universe
909 3055 1023 3124 hatum
1051 3055 1202 3120 feriarum
1231 3059 1301 3118 erat
1325 3048 1427 3114 ratio:

413 3182 500 3270 apud
524 3183 603 3248 alius
627 3192 734 3250 autem
759 3179 919 3250 Graeciae
943 3179 1061 3258 tn'bus,
1087 3177 1180 3258 alios,
1203 3187 1240 3242 ut
1255 3175 1301 3254 fit,
1317 3196 1429 3242 earum

413 3305 596 3374 invenimus
619 3306 699 3372 ritus
724 3315 822 3391 atque
846 3303 1073 3372 caeremonias.
1114 3298 1170 3370 Sic
1193 3299 1280 3388 apud
1300 3297 1431 3366 Theba·

411 3451 489 3508 nos,
521 3429 659 3514 antiquis
687 3428 800 3494 saltem
824 3423 1043 3512 temporibus,
1067 3437 1232 3492 certamen
1257 3421 1348 3486 iniis
1371 3419 1429 3484 ba·

410 3550 548 3618 bebatur
582 3549 740 3616 musicum
756 3545 806 3634 3):
844 3545 1050 3636 Cyrenenses
1086 3567 1160 3612 cum
1188 3561 1257 3606 rem
1285 3537 1428 3602 divinam

410 3673 486 3740 huic
511 3671 572 3737 deo
595 3670 766 3750 faciebant,
793 3668 862 3734 ficis
882 3666 1063 3734 recentibus
1088 3657 1334 3736 coronabantur,
1358 3657 1425 3744 pla·

412 3809 585 3882 centesque
621 3805 735 3860 mutuo
759 3788 980 3864 missitabant,
1009 3783 1111 3850 mellis
1135 3793 1169 3847 et
1191 3781 1353 3848 fructuum
1377 3782 1427 3845 in-

410 3929 579 3984 ventorem
616 3913 795 3983 Saturnum
831 3907 1035 3974 aestimantes
1051 3901 1094 3990 4).
1128 3903 1236 3971 Rhodi
1260 3913 1351 3970 sexto
1375 3900 1427 3969 die

407 4099 631 4122 ..affl

442 4210 467 4266 Ι)
485 4207 530 4255 Cff.
544 4203 594 4252 eod.
613 4199 670 4258 111,
689 4197 734 4258 79,
749 4198 789 4246 95.
816 4194 911 4244 Lucinni
930 4194 1024 4244 Solum.
1041 4195 1093 4243 init,

349 4327 352 4332 .
442 4290 468 4346 2>
485 4288 540 4336 Non
557 4296 624 4347 posse
640 4295 705 4329 suar.
722 4277 769 4327 vivi
785 4277 879 4326 secund.
896 4273 991 4341 Epicur.
1010 4275 1068 4342 Cap.
1085 4275 1125 4324 lo.

443 4369 467 4426 3)
484 4362 605 4413 Plutarch.
623 4359 663 4424 qui
680 4357 772 4418 dicitur,
790 4357 818 4406 de
833 4357 882 4406 vitu
898 4355 1001 4422 etpost
1017 4356 1134 4412 Homeri,
1152 4355 1209 4418 cip.
1224 4355 1249 4403 4.

440 4450 467 4505 4)
484 4441 590 4494 Macrob.
608 4441 703 4492 Satura.
719 4439 746 4501 1,
764 4439 788 4494 7.
815 4439 852 4491 Cf.
870 4435 974 4500 Loboclr,
992 4435 1107 4502 Aglaoph.
1125 4433 1155 4484 V.
1171 4433 1211 4494 11,
1226 4450 1249 4500 p.
1261 4435 1333 4489 loto.
