3270 5382
632 1395 759 1499 ,DE
803 1395 1131 1482 GARNEIS.

444 2011 535 2077 Inter
563 2010 795 2099 Spartanorum
820 2019 888 2085 dies
912 2019 1010 2085 festos
1033 2019 1188 2084 maximos
1214 2018 1326 2105 etqui
1350 2019 1410 2084 im·

396 2133 506 2219 primis
538 2135 637 2220 ipsius
668 2139 778 2224 populi
807 2141 950 2206 referant
972 2140 1127 2216 indolem,
1150 2138 1239 2205 haud
1261 2141 1411 2206 ultimum

396 2255 502 2321 locum
534 2257 593 2321 sibi
622 2257 787 2325 vindicant
819 2259 962 2341 Caroea,
996 2285 1061 2326 non
1089 2273 1214 2326 tantum
1243 2260 1410 2349 Spartanis

395 2377 450 2442 illa
484 2380 628 2464 propria,
661 2403 775 2446 verum
810 2384 958 2449 omnibus
994 2382 1137 2449 Doribus
1166 2385 1348 2449 eommunia
1369 2381 1410 2470 ¹).

396 2498 531 2566 Festum
554 2500 615 2566 fnit
638 2502 733 2568 valde
757 2505 935 2592 antiquum,
959 2506 1000 2572 de
1025 2509 1115 2592 cujus
1138 2517 1246 2573 tamen
1270 2508 1410 2596 origine,

397 2632 434 2686 ut
454 2621 494 2686 de
518 2623 692 2690 multarum
716 2625 849 2693 aliarum
870 2629 1038 2709 feriarum,
1060 2639 1192 2718 propter
1207 2632 1309 2718 ipsam
1326 2631 1411 2696 hano

396 2745 638 2830 antiquitatem,
674 2769 788 2834 parum
824 2763 956 2818 constat.
1003 2752 1105 2818 Varia
1128 2752 1189 2818 hao
1212 2753 1252 2818 de
1275 2775 1311 2816 re
1335 2771 1409 2814 nar·

395 2878 470 2932 rant
493 2877 562 2932 turn
587 2865 695 2936 Schol.
707 2869 844 2939 Tbeoor.
857 2873 901 2954 V,
915 2877 977 2954 83,
989 2886 1059 2939 tum
1071 2875 1212 2941 Pausan.
1224 2872 1295 2950 ΙΙΙ,
1311 2871 1364 2946 13,
1377 2869 1410 2948 3,

395 3012 413 3053 e
446 2991 561 3075 quibus
596 3002 705 3058 tamen
737 2997 875 3060 maxime
898 2997 1080 3062 verosimile
1105 2995 1254 3069 videtur,
1280 2987 1409 3054 Cornea

395 3113 553 3200 originem
589 3114 717 3182 duxisse
746 3118 785 3183 ab
814 3117 1063 3186 Heraclidarum
1086 3115 1193 3182 reditu
1217 3122 1249 3177 et
1272 3111 1408 3177 fortasse

393 3236 428 3300 in
452 3236 547 3323 hujus
570 3238 619 3302 rei
642 3242 829 3306 memoriam
853 3241 951 3306 fuisse
974 3242 1131 3312 institutam
1156 3246 1225 3299 tum
1256 3236 1348 3321 quia,
1373 3244 1411 3299 ut

389 3357 458 3442 jam
481 3357 633 3440 vidimm,
659 3360 806 3426 omnibus
831 3359 972 3424 Doribus
996 3358 1087 3422 fuere
1116 3357 1313 3436 eommunia,
1338 3365 1408 3423 tum

394 3479 533 3544 maxime
570 3502 699 3568 quoque
735 3482 823 3559 ideo,
851 3480 953 3565 quod,
982 3490 1018 3544 ut
1046 3477 1162 3544 deinde
1185 3478 1329 3566 pluribus
1353 3501 1408 3543 ex·

394 3600 597 3688 plicabimus‚
622 3605 722 3669 vitam
747 3603 916 3667 militarem
940 3602 1036 3689 plane
1060 3600 1249 3667 referebant.
1280 3599 1409 3667 Nomen

394 3722 514 3790 habere
549 3723 701 3789 dicuntur
735 3747 755 3788 a
791 3721 899 3790 Carne
936 3723 1076 3810 quodam
1105 3735 1194 3802 vate,
1224 3721 1411 3786 Acarnania

397 3843 553 3924 oriundo,
578 3844 760 3909 Heraclidis
785 3867 825 3909 ex
849 3844 1002 3932 Apolline
1026 3845 1238 3922 vaticinante,
1264 3843 1320 3928 qui
1337 3865 1411 3907 oum

397 3968 437 4032 ab
473 3966 632 4052 Hippote,
667 3965 836 4054 Phylantis
869 3966 934 4033 filio
955 3964 1003 4051 2),
1028 3979 1110 4031 esset
1136 3965 1339 4040 interfectus,
1363 3966 1412 4029 ira

400 4109 599 4122 .--—-

429 4189 453 4245 1)
470 4187 569 4234 Paman.
589 4185 645 4242 ΙΙΙ,
673 4186 716 4244 13,
740 4188 763 4235 3.
790 4188 893 4252 Thuoyd.
914 4189 943 4246 V,
963 4191 1009 4237 54:
1027 4196 1135 4258 Rapidos
1151 4187 1277 4254 δ’ἦνμήν,
1294 4191 1413 4257 leporariae

395 4271 519 4335 Δωριεῦσι,
538 4264 615 4328 ibique
633 4267 694 4314 Inrt.

429 4349 453 4406 2)
470 4345 601 4394 Secundum
627 4346 704 4395 Sclrol.
732 4347 822 4397 callim.
847 4348 937 4413 llymn.
960 4349 985 4400 in
1008 4349 1085 4414 Apoll.
1104 4351 1134 4404 71
1153 4349 1181 4398 ab
1199 4349 1276 4410 Alete,
1295 4350 1334 4414 qni
1350 4349 1413 4398 inter
