3270 5382
704 482 746 544 31

222 723 319 788 quare
343 700 418 786 jure
450 696 512 762 hoc
543 696 722 761 institutum
748 718 822 762 cum
846 693 1068 762 Romanorum
1094 718 1235 764 conveu-

220 826 307 890 tione
331 823 366 888 in
389 843 520 886 manum
548 841 607 906 per
631 817 918 884 confarreationem
943 819 1120 906 composuit
1143 819 1235 886 Plat-

221 969 279 1012 uer
314 968 347 1031 p.
372 943 455 1020 153;
490 952 522 1008 et
548 941 629 1008 haee
663 941 772 1006 uxoris
796 941 829 1006 in
855 940 960 1006 mariti
983 941 1161 1027 phratriam
1184 941 1236 1007 in·

221 1067 382 1132 troductio
418 1087 484 1129 non
512 1063 617 1128 minus
654 1084 751 1148 quam
787 1083 985 1148 puerorum,
1020 1062 1236 1150 legitimarum

223 1189 407 1275 nuptiarum
430 1186 612 1252 habebatur
637 1182 865 1249 documentum
883 1181 922 1267 1).
972 1181 1048 1264 Qua
1064 1185 1097 1250 in
1113 1207 1149 1250 re
1162 1185 1238 1250 licet

224 1309 376 1375 nonnulla
398 1319 590 1374 remaneant
618 1307 756 1372 obseura
781 1317 814 1370 et
830 1329 882 1372 res
899 1305 1046 1370 diversae
1063 1330 1082 1372 a
1097 1305 1238 1372 Lexico-

223 1433 351 1521 graphia
386 1432 525 1496 maxime
555 1427 793 1494 confundantur
809 1427 855 1513 2),
884 1428 937 1493 vel
962 1429 1007 1493 sic
1030 1440 1139 1495 tamen
1164 1431 1237 1494 uni-

223 1578 314 1620 verse
339 1555 476 1618 remita
500 1575 569 1617 sese
593 1551 743 1618 habuisse
772 1551 848 1616 satis
872 1561 1005 1616 constat.
1081 1609 1093 1638 ‚

268 1674 496 1762 Sequebantur
533 1684 640 1739 autem
676 1673 757 1738 haec
789 1673 898 1738 omnia
921 1673 1089 1740 visceratio
1113 1685 1146 1739 et
1171 1675 1239 1742 vini

220 1796 427 1886 phratoribus
451 1795 599 1882 largitio,
623 1798 797 1881 οἰνιστήρια
821 1794 905 1860 dicta
921 1792 967 1880 3),
989 1796 1023 1861 in
1041 1817 1105 1882 qua
1121 1796 1238 1882 cuique

223 1941 283 1986 sua
306 1919 432 2005 portio,
457 1918 601 1982 earnium
625 1918 772 1996 maxime,
798 1917 976 1983 donabatur
991 1915 1035 2003 ⁴³),
1060 1939 1142 2004 quae
1167 1941 1238 1984 om-

224 2042 280 2106 nia
315 2061 439 2106 summa
474 2061 548 2103 cum
571 2038 710 2117 laetitia,
734 2038 833 2118 saltu,
859 2038 1015 2104 similibus
1038 2040 1136 2104 fuisse
1161 2062 1239 2105 con·

219 2165 356 2252 juncta,
384 2161 435 2226 vel
460 2183 500 2225 ex
523 2160 594 2225 loco
618 2159 764 2248 Alciphr.
788 2159 992 2248 Epist.111,
1016 2163 1060 2227 46
1085 2161 1239 2250 intelligi-

223 2298 298 2364 tur,
338 2294 370 2348 et
415 2283 500 2348 inter
536 2305 670 2349 coenam
705 2283 826 2370 pueri,
867 2307 947 2370 quos
983 2307 1091 2350 secum
1128 2297 1239 2371 patres

223 2404 446 2482 adducebant,
483 2404 632 2489 praemiis
669 2402 835 2490 ῥαψῳδίας
869 2408 1063 2492 propositio,
1095 2407 1238 2473 carmina

223 2529 361 2594 recitare
391 2524 537 2591 solebant
553 2523 593 2610 5).
631 2523 758 2589 Eodem
789 2549 886 2612 porro
919 2527 969 2591 die
994 2539 1156 2594 certamen
1179 2528 1238 2594 ha·

223 2650 360 2720 bebatur
381 2660 529 2735 equestre
546 2647 587 2734 6),
605 2669 679 2712 cum
696 2648 803 2734 aliquo
820 2660 988 2736 praeterea
1003 2648 1239 2738 Apaturiorum

225 2773 275 2838 die
299 2773 515 2837 Athenienses
542 2768 802 2856 splendidissimis
827 2771 955 2836 indutos
979 2773 1137 2853 vestibus,
1153 2774 1239 2840 faces

223 2895 374 2961 ardentes
400 2916 418 2956 a
446 2892 515 2956 ioco
540 2905 718 2970 sumentes,
750 2894 944 2958 carminibus
969 2895 1153 2961 Vulcanum
1184 2919 1238 2960 ce-

221 3019 384 3094 lebrasse,
410 3027 442 3080 et
466 3015 510 3078 ita
534 3010 807 3099 λαμπαδοφορὶαα,
838 3026 875 3080 ut
899 3016 1038 3096 videtur,
1063 3017 1239 3084 instituisso

227 3149 339 3200 auctor
367 3140 408 3202 sit
434 3137 539 3202 Istrus
569 3134 655 3222 apud
678 3135 870 3222 Harpocrat.
894 3162 924 3202 v.
948 3136 1073 3220 λαμπάς
1088 3139 1130 3226 7).

226 3287 443 3299 ἢ...

226 3369 260 3417 lar
283 3369 384 3434 πάτραν.
410 3366 454 3413 Off.
478 3365 645 3424 Wachsmnth‚
673 3365 766 3416 llcllen.
787 3367 888 3418 Alterth.
912 3369 948 3420 ed.
966 3371 1023 3431 2da,
1040 3374 1072 3424 V.
1089 3373 1116 3433 I,
1134 3377 1195 3437 800,
1213 3381 1238 3428 et

224 3445 299 3505 Fuhr,
318 3445 452 3493 Dicaearchi
464 3447 547 3510 fragm.
564 3464 589 3512 p.
604 3448 652 3496 112
666 3463 716 3512 sqq.

258 3528 283 3587 1)
299 3527 419 3574 Demosth.
434 3526 485 3574 adv.
503 3525 586 3574 Eubul.
602 3527 679 3583 1312,
699 3528 771 3578 1320.
789 3529 869 3578 Isaeus
886 3529 913 3579 de
930 3530 1018 3596 Pyrrhi
1034 3533 1132 3584 heradit.
1150 3552 1174 3600 p.
1189 3537 1237 3594 62,

224 3609 269 3666 65,
287 3608 326 3656 66.
345 3607 373 3654 de
386 3605 435 3654 Gir.
453 3606 531 3654 hored.
548 3623 572 3672 p.
583 3605 640 3655 208.
658 3607 703 3654 Cll.
712 3623 769 3670 quos
778 3608 833 3655 citat
842 3607 979 3669 Hermann,
997 3612 1014 3660 l.
1023 3611 1039 3661 l.
1049 3631 1073 3677 p.
1085 3615 1141 3672 221,
1152 3615 1200 3664 Νι,
1212 3616 1236 3666 1.

256 3690 282 3748 2)
300 3688 345 3736 Off.
362 3686 465 3745 Platner,
483 3685 500 3736 l.
514 3686 530 3736 l.
548 3703 572 3751 p.
589 3687 646 3738 147.
664 3687 831 3746 Wachsmnffi,
845 3688 888 3740 l.l.
903 3707 928 3754 p.
943 3693 1001 3740 365.
1018 3693 1103 3751 Meier,
1120 3710 1145 3758 p.
1156 3695 1186 3747 17
1202 3711 1238 3758 sq.

223 3768 336 3817 zeitschr.
353 3768 393 3814 fiir
412 3767 586 3816 Alterthumsw.
610 3765 649 3815 Αἰ.
665 3767 742 3826 1835,
760 3784 785 3832 p.
802 3769 875 3818 1141.
900 3771 936 3820 De
953 3771 1047 3836 reliquis
1063 3774 1238 3838 opportunitate

224 3849 359 3914 nuptiarum
379 3845 449 3893 saeris
470 3849 493 3894 et
518 3847 627 3896 comitiis
652 3847 697 3896 cu.
719 3851 791 3899 auott.
815 3847 876 3914 apud
897 3849 994 3910 Becker,
1018 3850 1122 3901 Charikl.
1143 3853 1174 3902 V.
1192 3853 1235 3913 11,

226 3945 250 3992 p.
266 3929 314 3981 457
329 3942 380 3990 sqq.

259 4008 281 4066 8)
299 4007 418 4071 Harpocr.
435 4006 459 4052 et
474 4004 579 4068 Hesyoh.
592 4023 616 4056 v.
631 4012 709 4060 ornas.

257 4088 283 4145 4)
299 4086 420 4134 Demosth.
438 4084 489 4133 adv.
506 4085 607 4136 Macart.
621 4104 645 4152 p.
661 4090 733 4141 1078.
752 4089 871 4154 Aristoph.
889 4091 1030 4158 Thesmoph.
1049 4095 1104 4145 558.

259 4169 284 4226 5)
300 4167 379 4226 Plato,
396 4167 502 4224 limace,
520 4181 544 4230 p.
562 4166 593 4214 21
610 4167 686 4231 ibique
703 4169 780 4218 Schol.
798 4175 821 4219 et
837 4169 914 4221 Procl.

259 4247 284 4304 b)
301 4246 377 4295 Schol.
395 4245 515 4310 Aristoph.
533 4245 589 4294 Pac.
607 4247 664 4296 901.

257 4326 284 4386 7)
301 4327 339 4374 Of.
355 4327 439 4386 Meier,
457 4326 473 4375 l.
490 4324 507 4374 l.
525 4342 550 4390 p.
568 4327 609 4376 13.

661 4413 805 4426 -.......-....
