3270 5382
741 454 760 516 9

241 671 322 738 blica
350 668 518 736 oraculum
546 667 778 739 consulendum
806 677 997 736 statuerunt.
1044 668 1162 757 Pythia
1186 693 1256 736 res·

240 793 368 881 pendit,
393 790 521 858 exulem
546 791 657 878 quiin
682 787 781 858 Creta
805 802 904 872 esset,
929 813 968 858 ea
991 791 1210 879 expiaturum:
1228 793 1281 872 si,

241 925 274 982 et
301 913 539 980 interfectorem
568 913 768 1000 punivissent
797 923 829 980 et
858 924 1021 980 mortuum
1050 915 1255 980 suscitassent

240 1039 275 1104 in
311 1033 427 1102 eodem
462 1032 556 1122 adipe
591 1035 625 1100 in
663 1058 727 1121 quo
755 1045 901 1102 mortuus
923 1035 1029 1102 fuerat
1045 1032 1089 1122 1),
1112 1034 1145 1101 id
1169 1033 1256 1122 quod
1301 1059 1311 1120 j

242 1167 312 1224 erat
334 1157 479 1222 futurum
502 1159 529 1224 si
552 1165 585 1222 et
608 1178 649 1222 ex
672 1167 799 1224 mortuo
824 1157 1049 1246 degustassent
1067 1168 1099 1223 et
1114 1181 1180 1224 non
1197 1152 1274 1223 ob?

243 1281 419 1346 tinuissent
467 1277 589 1344 Habita
624 1279 722 1368 igitur
757 1278 818 1346 hae
854 1279 895 1346 de
923 1302 960 1346 re
988 1279 1195 1366 inquisitione
1225 1290 1258 1344 et

243 1403 373 1468 invento
401 1399 557 1489 Sopatro,
591 1401 619 1468 is
650 1421 723 1467 oum
751 1424 786 1467 se
815 1402 862 1487 ab¹
880 1425 919 1468 eo
943 1402 1063 1470 scelere
1087 1401 1258 1468 liberatum

242 1525 281 1589 iri
316 1523 534 1604 existimaret,
563 1523 590 1590 si
617 1522 651 1589 id
677 1523 807 1610 publiea
831 1547 942 1590 omnes
967 1534 1115 1612 agerent,
1138 1523 1179 1590 ad
1204 1546 1258 1588 eos

243 1647 297 1733 qui
325 1647 431 1734 ipsum
460 1644 684 1712 reducendum
713 1658 884 1727 venerant,
907 1646 1163 1714 interficiendum
1189 1668 1259 1712 esse

241 1771 360 1836 bovem
384 1791 404 1834 a
428 1769 555 1837 civitate
579 1767 679 1836 dixit:
709 1791 847 1856 eumque
871 1770 917 1836 illi
941 1770 1144 1850 dubitarent,
1170 1769 1258 1856 quis-

243 1913 320 1959 nam
348 1900 431 1958 esset
458 1891 602 1966 futurus,
628 1892 683 1978 qui
710 1891 827 1980 pecudi
854 1892 971 1959 vulnus
995 1891 1142 1971 inferret,
1167 1914 1201 1957 se
1225 1890 1259 1956 id

243 2014 403 2080 fauturum
438 2013 600 2101 pollicitus
635 2024 700 2094 est,
735 2015 761 2080 si
789 2014 917 2080 civitate
945 2013 1130 2094 donaretur,
1153 2014 1199 2080 ita
1222 2024 1259 2078 ut

244 2135 414 2222 partieipes
446 2135 553 2204 caedis
589 2136 685 2202 etiam
720 2137 780 2224 ipsi
811 2136 1026 2203 efficerentur.
1076 2133 1175 2218 Quod
1202 2135 1258 2201 ubi
1360 2195 1364 2204 .

244 2280 431 2326 conoessum
454 2258 533 2338 fuit,
557 2259 678 2324 reversi
703 2260 736 2324 in
754 2260 886 2339 urbem,
902 2280 972 2325 rem
989 2259 1034 2324 ita
1049 2257 1258 2326 instituerunt

243 2379 515 2466 quemadmodum
538 2402 626 2445 nune
650 2403 777 2466 quoque
802 2381 889 2469 apud
912 2381 997 2469 ipsos
1020 2380 1221 2446 observatur.

288 2499 488 2586 Aquatrioes
510 2501 652 2589 virgines
676 2502 859 2590 elegerunt,
884 2525 967 2589 quae
992 2525 1110 2590 aquam
1133 2503 1179 2568 eis
1194 2503 1259 2568 fer·

244 2633 318 2688 rent
347 2623 402 2708 qui
430 2624 567 2690 seourim
592 2633 624 2688 et
648 2624 787 2692 cultrum
811 2636 974 2693 acuerent.
1020 2623 1131 2692 Acuta
1154 2625 1260 2691 seouri

244 2753 276 2808 et
311 2743 432 2824 cultro,
468 2744 550 2812 alter
584 2748 722 2813 securim
756 2749 916 2835 porrexit,
948 2747 1030 2815 alter
1059 2770 1099 2814 ea
1128 2757 1260 2834 accepta

242 2864 359 2932 bovem
382 2867 558 2953 percussit,
584 2868 666 2936 alius
689 2892 768 2934 vero
787 2870 962 2957 jugulavit.
1010 2868 1160 2955 Cumque
1184 2892 1260 2934 eum

242 2989 473 3068 excoriassent,
506 3011 548 3054 ex
584 2991 652 3074 ejus
689 2992 838 3058 carnibus
875 3014 986 3058 omnes
1020 2992 1141 3078 epulati
1176 3003 1260 3058 sunt.

242 3109 363 3176 Postea
391 3134 470 3177 vero
511 3113 598 3178 corio
638 3124 771 3178 consuto
809 3137 848 3180 ao
874 3114 968 3180 foeno
993 3124 1028 3180 et
1050 3115 1150 3202 paleis
1177 3115 1260 3182 farto

245 3230 362 3296 bovem
389 3235 587 3300 suscitarunt
610 3257 650 3300 ea
672 3235 775 3302 forma
799 3257 863 3322 qua
887 3247 957 3303 erat
973 3259 1049 3302 eum
1065 3239 1198 3316 vireret,
1214 3239 1261 3302 ei·

245 3375 310 3439 que
342 3365 482 3422 aratrum
512 3359 604 3444 quasi
629 3358 776 3445 operanti
799 3359 1034 3447 applicuerunt.
1082 3357 1182 3442 Quod
1205 3359 1261 3426 ubi

244 3475 365 3541 fautum
389 3488 452 3554 est,
475 3478 509 3542 in
531 3479 688 3564 judicium
715 3479 822 3546 caedis
848 3504 961 3548 omnes
985 3493 1260 3561 convocaverunt,

244 3599 301 3684 qui
332 3599 464 3664 aetionis
493 3599 562 3685 ejus
590 3603 762 3690 participes
785 3601 936 3668 fuerant:
960 3626 1035 3668 eum
1059 3626 1136 3670 vero
1161 3625 1259 3689 aqua·

244 3722 340 3788 trices
370 3721 485 3787 ineos
513 3724 569 3809 qui
593 3735 767 3802 acuerant,
792 3726 846 3812 qui
870 3735 1025 3791 acuerant
1048 3725 1082 3790 in
1107 3746 1181 3789 eum
1206 3725 1261 3812 qui

244 3844 382 3908 securim
406 3843 595 3923 tradiderat,
619 3847 645 3912 is
670 3848 704 3912 in
728 3870 803 3912 eum
827 3847 882 3933 qui
894 3846 1073 3935 jugularat3
1090 3846 1260 3936 jugulator

280 4121 303 4181 1)
319 4123 397 4172 Verba
418 4137 515 4188 graeca:
534 4129 572 4174 τόν
585 4143 611 4173 τε
625 4129 692 4191 postor
706 4129 912 4191 τιμωρησαμένων,
930 4126 968 4174 καὶ
983 4127 1020 4174 τὸν
1034 4127 1145 4174 τεθνεῶτα
1158 4127 1260 4179 dauern-

246 4207 338 4267 σάντων,
353 4209 376 4256 to
387 4205 448 4276 ᾗπερ
461 4209 573 4255 ἀπέθανεν
588 4208 657 4271 σιάλῳ
674 4207 697 4254 ὃν
715 4209 805 4256 ἔσεσθαι
821 4205 943 4252 manifesto
960 4209 1015 4252 sunt
1031 4205 1152 4266 corrupte,
1170 4206 1194 4250 et
1212 4203 1259 4250 Oe-

244 4283 300 4410 qtipo
316 4299 372 4348 opus
389 4291 424 4336 est
441 4286 469 4335 ad
486 4284 646 4350 explicandum
662 4283 781 4336 oraculum
798 4289 839 4336 τοῦ
853 4286 935 4342 tettae.
962 4285 1070 4334 Fortasse
1087 4286 1159 4343 ἀλωὴν
1171 4286 1262 4334 ἔσεσθαι
1298 4285 1300 4288 ’

256 4362 377 4428 egendum.
