3270 5382
713 461 754 524 11

232 683 320 766 Quid
351 686 460 747 autern
492 678 550 756 sit,
576 672 662 762 quod
687 670 804 740 Suidas
829 683 862 738 et
886 670 993 742 Schol.
1017 669 1243 761 Aristophanis

229 807 347 872 festum
377 809 450 890 post
479 797 633 888 mysteria
657 795 853 862 celebratum
879 796 1006 876 dicunt,
1029 818 1081 861 rno
1105 819 1170 861 non
1193 797 1242 860 in-

229 928 375 1015 telligere
403 923 522 989 fateor=
558 929 646 986 certe
674 942 740 985 non
774 930 850 984 sunt
878 917 1047 984 Eleusinia
1074 919 1243 1005 mysteria,

230 1050 338 1139 prouti
362 1041 588 1130 Orauzerus1)
613 1044 855 1130 interpretatur.
896 1039 980 1108 Cum
1004 1064 1082 1106 vero
1105 1052 1244 1127 uterque

232 1169 332 1252 φασί
352 1189 428 1234 suae
453 1164 576 1232 addant
598 1165 789 1248 narrationi,
821 1165 882 1231 hoc
904 1164 1037 1231 fortusse
1060 1187 1126 1229 non
1150 1165 1244 1232 nimis
1348 1225 1349 1228 ,

231 1290 424 1380 urgendum.

276 1413 347 1480 Nec
370 1411 510 1479 Athenis
534 1419 678 1488 tantum,
702 1409 759 1476 sed
783 1421 816 1475 et
839 1408 915 1474 alibi
938 1409 972 1475 in
997 1406 1137 1476 Graecia
1159 1411 1245 1471 Boo·

230 1538 326 1617 φόνια
349 1531 605 1600 celebrabantur.
647 1530 786 1596 Disertis
806 1530 915 1597 verbis
930 1529 992 1596 hoc
1007 1540 1117 1596 narrat
1132 1528 1246 1595 Aelia-

229 1679 292 1722 nus
321 1654 362 1720 dc
385 1654 552 1741 Dionysiis
575 1654 610 1718 iu
633 1651 912 1731 insula‘Tenedo,
941 1653 1133 1740 quibuscum
1159 1654 1246 1716 Boo·

231 1780 328 1858 φόιιιι
350 1776 482 1843 fuerunt
505 1776 694 1862 conjuncta,
717 1775 752 1840 in
776 1775 892 1862 quibus
917 1798 1010 1854 eum,
1035 1776 1091 1862 qui
1115 1774 1246 1840 Baccho

231 1921 358 1963 sacrum
392 1897 531 1965 vitulum
566 1898 673 1964 securi
700 1898 926 1984 percussisset,
953 1895 1112 1984 lapidibus
1134 1919 1246 1985 perse-

231 2019 413 2106 quebantur
428 2028 461 2085 et
476 2020 510 2084 in
524 2019 637 2107 fugam
653 2018 866 2104 conjiciebant
881 2019 923 2105 2).
961 2018 1089 2086 Eodem
1106 2019 1246 2106 pertinet

230 2141 401 2208 Deliorum
423 2142 544 2208 mensis
564 2138 769 2222 Βοιιφονιώι,
787 2139 973 2207 Atticorum
989 2139 1247 2220 Μεταγειτνιῶνι

231 2265 425 2330 conveniens
444 2260 491 2348 ³),
527 2261 568 2328 de
603 2262 720 2349 quibus
748 2272 858 2328 tamen
882 2271 1015 2350 propter
1040 2261 1246 2348 antiquorum

230 2387 393 2454 silentium
415 2383 511 2470 plura
532 2407 599 2449 nou
622 2385 780 2448 novimus.

264 2681 289 2740 1)
306 2675 411 2744 Symbol.
428 2674 474 2736 IV,
491 2693 516 2743 p.
535 2677 592 2726 125.

264 2761 290 2821 2)
306 2758 397 2808 Aetion.
414 2757 480 2808 Hist.
496 2756 577 2806 Anim.
595 2755 659 2814 XII,
677 2757 718 2806 84.
735 2755 774 2806 cf.
791 2753 884 2808 Isobcck
899 2753 1015 2822 Aglaoph.
1032 2773 1057 2822 p.
1075 2755 1141 2812 dil.¹

263 2841 289 2902 3)
306 2839 445 2896 Hermann,
467 2835 587 2888 Monatsk.
603 2852 628 2901 p.
648 2837 688 2886 50.
715 2836 844 2886 Reseranda
864 2837 911 2884 huc
927 2852 1018 2902 quoque
1034 2853 1098 2888 sacra
1111 2837 1173 2904 apud
1188 2839 1245 2888 Lin-

229 2920 299 2979 dum,
323 2917 401 2967 Rhodi
417 2917 540 2983 oppidum,
562 2918 623 2965 facta
646 2916 758 2975 Herculi,
781 2915 822 2966 ubi
843 2919 899 2984 βοῦς
920 2914 1132 2987 ἀρότηςΙἮρακλεϊ
1152 2919 1229 2971 θύεται
1236 2957 1247 2984 ,

230 3004 388 3070 κατάρχονται
409 2999 434 3050 δὲ
457 3002 618 3068 trapetum,
644 2996 682 3050 ola
706 2997 773 3064 οἶμαι
797 3000 926 3068 δγιιιργὸς
944 3004 1009 3052 τότε.
1031 2997 1143 3050 Philostr.
1168 2999 1247 3066 Imag.

230 3080 273 3140 11,
299 3083 339 3130 24.
365 3081 410 3130 Off.
436 3080 543 3129 Locum.
568 3078 624 3128 inst.
647 3078 736 3128 Christ.
752 3079 781 3138 I,
799 3079 840 3138 21,
863 3079 904 3128 31.
922 3077 1008 3128 Zenob.
1025 3094 1092 3144 prov.
1110 3079 1156 3142 IV,
1174 3080 1206 3132 95
1223 3086 1247 3130 et

232 3158 324 3210 Hehtcr
340 3160 377 3210 dia
392 3159 563 3212 Gdtterdieuste
579 3159 623 3209 auf
632 3158 729 3209 Rhodus
747 3155 781 3208 im
798 3157 946 3209 Alterthume
961 3160 990 3220 I,
1006 3175 1032 3226 p.
1051 3160 1065 3210 t
1082 3175 1132 3224 sqq.
