3270 5382
890 443 936 535 λί

406 682 480 738 ρας,
510 661 607 743 mna
632 657 686 722 καί
710 659 745 720 αἱ
766 653 863 720 ἄλλαι
888 641 1002 743 βουλαί
1024 658 1059 722 αί
1081 657 1195 742 ἀρεταί
1211 658 1257 743 ¹),
1280 659 1344 724 αἀὁ
1365 663 1422 739 τῆς

406 773 538 858 ἡμέρας,
559 765 596 856 ἧς
614 776 644 839 οἱ
666 773 843 859 προτένθαι
863 778 976 854 ἄγουσι
998 773 1093 868 πέντε
1119 774 1232 860 ἡμέρας
1249 777 1291 861 2).
1326 778 1421 844 Haec

409 909 516 961 autem
540 897 669 975 omnia,
693 894 822 980 reliquis
848 893 960 958 diebus
983 893 1071 959 festis
1094 898 1273 975 contraria,
1298 899 1332 964 in
1350 899 1421 984 qui-

407 1018 468 1084 bus
491 1018 586 1105 plane
611 1016 793 1100 ἱερομηνία,
812 1016 973 1100 justitium
998 1027 1058 1082 cet
1082 1017 1267 1097 obtinebat,
1290 1021 1422 1088 fortasse

408 1140 483 1207 inde
513 1138 723 1227 explicanda,
752 1137 839 1224 qnod
862 1136 1045 1225 Apaturia,
1069 1139 1144 1205 licet
1167 1141 1316 1228 publica,
1343 1165 1423 1231 qua-

407 1274 503 1330 tenus
537 1261 580 1330 ad
614 1261 847 1328 institutionem
881 1272 915 1326 et
940 1261 1015 1346 jura
1038 1262 1174 1328 civitatis
1197 1265 1424 1350 pertinebant,

408 1389 478 1474 ipsa
512 1395 621 1450 tamen
655 1392 773 1471 natura
801 1383 907 1470 potius
931 1382 973 1448 ad
999 1382 1134 1450 familias
1158 1394 1191 1450 et
1212 1398 1326 1472 gentes
1349 1409 1423 1475 spe·

409 1506 538 1574 ctabant
560 1516 594 1569 et
618 1504 825 1569 domesticam
848 1504 1032 1570 referebant
1055 1506 1221 1572 rationem.
1268 1507 1340 1574 Nisi
1364 1529 1422 1595 po-

407 1631 471 1696 tius
495 1639 607 1694 contra
629 1627 747 1692 Meieri
765 1627 785 1692 i.
798 1627 817 1692 l.
835 1627 1077 1714 explicationem
1090 1628 1182 1694 locus
1194 1627 1423 1717 Xenophontis

406 1751 547 1840 pertinet
562 1748 604 1816 ad
631 1745 799 1832 ἐκκλησίαν
823 1749 964 1834 quaein
988 1750 1197 1835 sequentibus
1216 1762 1423 1832 memoratam,

406 1873 489 1959 §92
524 1871 733 1938 ἐντεῦθεν
767 1867 934 1954 ἐκκλησίαν
966 1869 1113 1952 ἐποίουν,
1152 1873 1183 1945 ἐς
1209 1874 1250 1950 ἣν
1277 1879 1299 1955 ἡ
1325 1871 1423 1961 βουλὴ

408 1997 550 2076 ἒςήνεγνε
574 1995 632 2072 τὴν
653 1994 766 2070 ἑαυτῆς
791 1992 934 2072 γνὼμηνν
959 2002 992 2055 et
1014 1991 1196 2078 psephisma
1214 1994 1301 2080 apud
1317 1995 1425 2060 Athe·

408 2139 525 2182 naeum
551 2112 593 2179 ad
617 2113 741 2178 dierum
766 2122 891 2176 tantum
911 2135 1081 2178 numerum
1098 2115 1318 2194 immutatum
1335 2115 1423 2203 quod

408 2238 512 2324 magis
532 2235 610 2302 mihi
627 2235 732 2322 placet
751 2243 782 2298 et
796 2231 998 2300 Graecorum
1010 2233 1123 2300 melius
1136 2239 1286 2302 convenit
1298 2242 1422 2307 rationi.

456 2357 712 2426 Celebrabantur
743 2366 850 2420 autem
878 2354 912 2420 hi
939 2355 1006 2421 dies
1037 2355 1108 2422 festi
1138 2380 1247 2423 mense
1272 2358 1422 2448 Pyanep-

411 2482 523 2560 sione,
541 2481 709 2560 ¹incertum
738 2477 853 2562 quibus
878 2476 1013 2557 diebus,
1036 2503 1094 2565 per
1117 2479 1260 2546 triduum
1277 2479 1326 2568 3),
1351 2485 1422 2570 qui·

408 2604 469 2670 bus
494 2601 689 2678 accedebat,
714 2611 751 2663 ut
775 2601 808 2663 in
833 2599 978 2684 pluribus
996 2599 1082 2679 aliis,
1099 2615 1231 2687 quartus
1248 2603 1366 2694 ἔπιβδα
1380 2605 1423 2683 4),

406 2725 492 2790 unde
529 2725 636 2790 variae
672 2722 876 2808 antiquorum
909 2723 993 2789 inter
1028 2734 1095 2790 tres
1131 2737 1164 2790 et
1190 2740 1330 2812 quatuor
1354 2725 1422 2794 dies

405 2845 651 2919 fluctuantium,
681 2841 888 2929 explicandae
913 2845 1101 2910 sententiae.
1136 2845 1177 2911 In
1202 2847 1421 2916 Senatuscon-

407 2969 491 3034 salto
526 2967 657 3034 laudato
694 2966 836 3050 quinque
869 2963 951 3030 adeo
981 2980 1202 3034 momorantur
1226 2970 1313 3049 dies,
1336 2971 1421 3059 qued

404 3139 631 3154 m„-

439 3261 463 3319 1)
482 3261 608 3326 διαρείνται
623 3254 746 3324 legendum
762 3257 860 3308 videtur.

438 3339 463 3398 2)
481 3341 525 3390 Off.
549 3340 577 3390 de
597 3341 642 3390 hoc
661 3341 817 3404 psephismate
839 3341 899 3391 Intt.
922 3339 952 3386 ad
972 3340 996 3388 h.
1019 3339 1037 3388 l.
1060 3344 1083 3390 et
1104 3339 1189 3402 Maior,
1207 3342 1224 3392 1.
1243 3343 1259 3392 l.
1277 3360 1301 3406 p.
1318 3335 1358 3390 19.
1384 3339 1421 3389 De

404 3425 539 3490 προτένθαις
555 3423 632 3468 autem
648 3423 700 3469 tum
712 3421 800 3468 Athen.
818 3421 876 3482 Cap.
894 3418 964 3476 laud,
982 3425 1033 3468 tum
1046 3421 1124 3471 Schol.
1139 3419 1419 3486 Aristoph.Nub.1199.

438 3503 462 3559 3)
480 3499 558 3548 Schol.
575 3499 695 3562 Aristoph.
713 3499 816 3547 Acharn.
835 3500 894 3546 146:
913 3501 972 3564 λίην
989 3499 1012 3550 bi
1031 3508 1067 3552 νῦν
1086 3507 1140 3562 περὶ
1158 3501 1321 3568 Ἀπατουρίων,
1340 3501 1421 3568 ἑορτῆς

403 3584 519 3644 irretitae
536 3580 686 3642 δημοτελοῦς,
706 3583 819 3642 ἀνομίης
838 3583 906 3648 παρὰ
925 3587 973 3638 τοῖς
996 3577 1118 3640 Ἀθηναίοις
1138 3580 1201 3632 κατὰ
1218 3582 1257 3630 τὸν
1278 3586 1422 3646 neruoram

404 3669 467 3724 μῆνα
484 3664 522 3710 ἐπὶ
536 3666 600 3728 τρεῖς
614 3663 712 3726 ἡμέρας·
732 3661 824 3709 καλοῦσι
841 3659 865 3709 δὲ
882 3665 922 3718 τὴν
935 3663 979 3724 μὲν
992 3669 1086 3729 πρώτην
1100 3661 1220 3727 δορπειαν,
1241 3660 1318 3718 ἐπειδὴ
1333 3665 1422 3728 ρράτο-

402 3759 443 3809 ρος
464 3743 530 3805 ὀψίας
548 3742 684 3796 συνελθὸντος
702 3741 825 3805 εὐωχοῦντο
834 3777 842 3803 ,
865 3745 905 3798 τὴν
926 3741 951 3790 δὲ
964 3739 1072 3808 δευτέραν
1083 3744 1221 3808 ἀνάρρυσιν,
1237 3743 1284 3789 ἀπὸ
1296 3745 1337 3790 τοῦ
1348 3745 1423 3808 ἀναρ-

403 3822 464 3888 ρὺτιν
477 3823 519 3872 τοῦ
532 3822 605 3884 θὺαν,
622 3824 682 3870 ἔθυον
694 3821 719 3869 δὲ
734 3824 769 3870 Διὶ
782 3821 888 3889 φρατρίῳ
901 3823 939 3870 καὶ
951 3817 1040 3881 Ἀθηνᾷ’
1057 3826 1097 3878 τὴν
1115 3819 1140 3869 δὲ
1153 3822 1234 3888 τρίτην
1244 3831 1363 3890 κουριῶτιν
1375 3824 1422 3872 ἀπὸ

402 3906 444 3950 τοῦ
466 3903 517 3958 τοὺς
541 3903 631 3969 κούρους
652 3904 691 3951 καλ
712 3906 756 3957 τὰς
781 3907 849 3968 κόρας
870 3905 989 3968 ίγηράρειν
1009 3905 1041 3956 εἰς
1061 3905 1105 3957 τὰς
1123 3905 1246 3969 φρατρίας.
1273 3902 1318 3950 Off.
1343 3899 1422 3950 Schol.

402 3981 496 4030 Pmton.
513 3981 646 4046 'i'i11meop
665 3981 705 4028 21.
731 3981 848 4045 Theophr.
873 3981 981 4028 charact.
1008 3982 1066 4046 Cap.
1085 3983 1109 4029 3.
1128 3981 1245 4045 Hesych,
1264 3981 1420 4046 Harpocrat,

403 4063 469 4110 Suid.
494 4078 517 4110 v.
542 4060 639 4119 Pollux,
662 4060 713 4118 vl,
741 4062 797 4109 102.
824 4059 928 4124 Simplic.
951 4060 979 4108 ad
1002 4061 1099 4110 Aristot.
1113 4061 1207 4126 Physic.
1225 4061 1271 4120 IV,
1289 4078 1313 4126 p.
1333 4062 1380 4116 167
1397 4077 1420 4109 a.

403 4143 486 4191 Zonar.
503 4158 526 4190 v.
545 4139 656 4188 Biblioth.
674 4139 745 4190 Ooisl.
763 4139 779 4188 l.
793 4138 824 4196 1,,
843 4139 921 4188 Schol.
938 4140 1059 4206 Aristoph.
1077 4142 1132 4190 Pac.
1150 4142 1207 4189 890.

435 4225 461 4280 t)
479 4223 516 4270 Oi.
538 4225 595 4270 nota
618 4220 724 4285 superior
746 4223 769 4268 et
787 4219 923 4278 Hermann,
942 4219 957 4267 1.
975 4217 1034 4285 tp.
1053 4222 1114 4280 295,
1133 4222 1179 4270 Na,
1199 4221 1239 4270 29.
1263 4223 1298 4270 De
1316 4221 1422 4288 ίτίβδαις

400 4307 477 4350 autem
493 4302 549 4366 ipsis
566 4300 690 4352 nmnkcu.
709 4301 737 4350 acl
755 4301 891 4350 Timici.
911 4317 933 4348 v.
953 4302 1033 4368 tutet.
