3270 5382
494 1374 581 1456 DE
625 1371 971 1460 DIPOLIIS.

645 1700 818 1716 ψ-υ--ι--ι

274 1948 336 2015 Est
370 1961 462 2015 vetus
498 1947 655 2036 quaedam
685 1974 703 2015 a
736 1948 922 2015 Scholiastis
954 1961 985 2014 et
1010 1947 1238 2035 posterioribus

226 2071 452 2138 Grammaticis
481 2071 618 2138 oriunda
654 2073 781 2159 opinio,
824 2071 953 2159 Dipclia
994 2082 1091 2158 atque
1126 2069 1240 2135 Diasia

226 2194 357 2261 cosdem
382 2195 478 2262 fuisse
502 2191 751 2260 Atheniensium
772 2194 840 2260 dies
856 2195 951 2261 festus
968 2191 1016 2282 1),
1039 2191 1240 2280 quodquam

225 2317 342 2384 falsum
366 2318 427 2397 sit,
452 2317 504 2382 vel
527 2315 603 2382 inde
627 2329 736 2403 patet,
760 2316 848 2404 quod
870 2329 904 2382 et
926 2317 1016 2384 vario
1039 2327 1184 2402 tempore
1208 2323 1242 2378 et

225 2441 315 2504 vario
338 2439 417 2505 «lavi
442 2435 696 2503 celebrabantur.
735 2435 925 2525 Antequam
947 2439 1046 2527 igitur
1069 2437 1111 2502 ad
1134 2435 1240 2523 Dipo·

227 2558 271 2624 lia
304 2570 526 2638 transeamus,
563 2557 733 2646 diligenter
761 2559 802 2625 ab
831 2560 869 2626 iis
897 2559 1012 2626 Diasie
1035 2581 1240 2625 secernamus

228 2702 361 2746 necesse
388 2690 458 2758 est,
487 2701 529 2744 na
554 2680 698 2746 confusio
722 2682 807 2747 inter
830 2693 1004 2769 utrumque
1027 2682 1151 2747 orietur
1173 2680 1239 2746 fes·

226 2816 317 2883 tum,
342 2825 425 2889 quae
452 2802 548 2890 plane
572 2801 700 2868 diversa
724 2804 815 2870 fuere
840 2817 966 2872 natura.

271 2927 325 2991 De
359 2924 479 2990 Diasiis
514 2924 644 3012 quidem
667 2925 938 3013 locupletissimus
962 2928 1052 2992 testis
1076 2937 1124 2991 est
1147 2923 1238 2990 Thu·

224 3045 357 3134 cydides
381 3045 416 3127 I,
443 3049 530 3113 126:
555 3044 621 3110 ἔστι
644 3048 702 3132 γὰρ
724 3049 777 3110 καὶ
792 3049 991 3133 Ἀθηναίοις
1012 3052 1129 3113 Διάσια
1145 3048 1168 3110 ἃ
1183 3069 1239 3109 κα·

228 3166 343 3242 letam,
369 3171 444 3242 Διὸς
478 3173 568 3253 ἑορτὴ
597 3165 770 3253 Μειλιχίου
793 3170 920 3250 μεγίστη
944 3169 1005 3245 ἔξω
1025 3175 1079 3251 ‘'l’'
1100 3165 1237 3241 πόλεως,

228 3289 263 3352 ἐν
285 3277 305 3371 ᾖ
326 3285 483 3369 πανδημεὶ
501 3291 614 3352 θύουσι
634 3285 737 3350 πολλὰ
755 3285 812 3371 οὐχ
832 3289 925 3370 ἱερεῖα
936 3285 1019 3351 ἀλλὰ
1029 3290 1159 3369 θύματα
1171 3287 1241 3349 ἐπι·

227 3407 349 3490 χώριας
384 3405 429 3469 ita
464 3409 549 3471 enim
576 3409 666 3473 locus
696 3404 899 3471 difficillimus
929 3406 1141 3494 interpretatu
1165 3428 1239 3470 cum

226 3525 417 3592 Hermanno
448 3527 481 3591 in
505 3526 674 3614 Plrilologc
697 3531 774 3592 anni
801 3530 903 3608 1847,
927 3553 957 3618 p.
984 3532 1002 3594 1
1029 3551 1097 3615 sqq.
1121 3529 1239 3594 consti-

225 3648 365 3714 tuendus
401 3647 546 3727 videtur,
583 3645 684 3712 πολλὰ
715 3671 772 3735 pro
797 3651 923 3738 vulgari
945 3649 1058 3716 πολλοὶ
1082 3649 1239 3738 legendo:

226 3772 287 3836 nisi
309 3771 392 3837 forte
417 3793 491 3837 eum
514 3771 759 3836 Hemsterhusio
785 3771 826 3836 ad
850 3772 984 3839 Lucian.
1008 3773 1050 3840 V.
1067 3771 1100 3852 I,
1121 3797 1152 3859 p.
1171 3773 1239 3838 350

226 3890 298 3978 Bip.
323 3917 363 3958 ex
387 3893 521 3959 Polluce
544 3893 581 3973 I,
608 3895 651 3959 26
677 3917 735 3981 pro
761 3894 881 3960 ultimis
906 3918 1035 3982 quoque
1057 3893 1115 3979 οὐχ
1132 3896 1238 3976 ἱερεῖα,

227 4014 309 4089 ἁγνὰ
334 4013 368 4078 δὲ
392 4019 520 4096 θύματα
546 3997 708 4101 ἐπιχώρια)
722 4015 912 4103 legendum,
932 4017 1020 4103 quod
1038 4013 1240 4082 Graecorum

237 4195 440 4213 m...-

261 4320 285 4379 1)
303 4317 371 4368 Vidd.
389 4336 409 4369 e.
427 4337 451 4386 g.
470 4319 548 4370 Schol.
566 4320 686 4386 Aristoph.
705 4321 769 4372 Nub.
786 4324 910 4380 408,984
919 4339 954 4386 sq.
971 4321 1077 4381 uelles,
1096 4325 1183 4374 Anecd.
1193 4326 1237 4374 Gr.

227 4398 259 4461 1,
275 4415 302 4464 p.
320 4399 360 4448 91.
377 4399 443 4452 sud.
459 4418 483 4452 v.
499 4405 582 4455 Διάσια
598 4404 622 4451 ct
636 4404 746 4455 Διῖπόλια.
770 4401 919 4462 Bechmenn,
938 4402 1025 4452 Anccd.
1039 4403 1083 4452 Gr.
1093 4404 1135 4462 11,
1149 4420 1173 4468 p.
1184 4405 1240 4454 32⁹.

1124 4501 1164 4558 1}
