3270 5382
201 4357 217 4399 t

872 447 913 511 16

390 660 579 730 Eustathius
604 660 733 748 quidem
757 659 812 726 l.1.
838 659 914 728 dicit
931 671 1108 738 auctorem,
1127 684 1222 750 quem
1240 685 1280 729 ex
1296 663 1399 730 Athe-

390 808 472 851 naeo
497 807 567 851 esse
590 783 795 850 Demetrium
818 781 985 872 Scepsium
1004 786 1167 864 novimus,
1184 784 1257 852 ideo
1274 808 1401 852 noveno

389 928 526 972 numero
554 927 624 971 esse
649 928 758 985 usum,
784 905 902 994 quippe
926 928 991 992 quo
1016 915 1049 972 et
1071 906 1236 973 Homerus
1259 908 1293 972 in
1312 907 1402 974 festis
1461 923 1464 930 ’

390 1027 567 1094 delectetur
583 1025 633 1114 l):
659 1039 692 1094 at
708 1050 786 1094 vero
802 1029 908 1115 prouti
924 1051 1041 1096 novem
1057 1029 1183 1096 illarum
1199 1028 1300 1115 ἑδρῶν
1317 1029 1403 1126 apud

387 1149 568 1216 Homerum
593 1148 767 1237 probabilis
791 1172 888 1216 cansa
910 1148 1003 1216 reddi
1026 1160 1149 1238 potest,
1173 1150 1260 1238 quod
1282 1151 1403 1218 Nestor

388 1272 481 1339 Iliad.
504 1272 557 1352 ΙΙ,
583 1272 648 1338 591
675 1294 743 1358 sqq.
760 1294 877 1337 novem
893 1271 1025 1338 urbibus
1041 1273 1194 1360 imporat,
1211 1273 1257 1339 sic
1272 1295 1403 1361 quoque

386 1417 504 1462 novem
524 1393 570 1461 illi
585 1391 672 1482 apud
687 1391 863 1481 Spartanos
879 1394 970 1457 τόποι
985 1395 1018 1459 in
1035 1394 1166 1481 antiqua
1186 1392 1325 1481 quadam
1343 1417 1403 1482 po-

387 1517 455 1605 puli
490 1516 644 1583 divisione
667 1514 915 1582 fundamentum
939 1515 1059 1582 habere
1075 1513 1239 1596 videntur,
1256 1539 1321 1603 qno
1337 1515 1402 1582 for·

388 1654 473 1706 tasse
485 1661 614 1727 qnoque
626 1635 849 1718 referendum,
863 1637 948 1724 quod
962 1636 1049 1726 apud
1060 1636 1402 1727 Plutarch.Lycurg.8

387 1757 612 1848 ἐννακισχίλιοι
638 1757 746 1844 κλῆροι
762 1757 997 1848 Spartanorum
1013 1761 1157 1848 ipsorum
1173 1771 1403 1828 memorantur.

436 1883 597 1951 Convivia
634 1883 667 1946 in
705 1883 742 1947 iis
779 1881 969 1961 obtinuisse,
999 1905 1073 1948 cum
1100 1879 1244 1970 plurimis
1272 1884 1403 1949 omnino

389 2007 488 2072 sacris
525 2006 709 2092 conjuncta,
742 2006 809 2092 jam
839 2029 878 2072 ex
903 2005 1066 2072 Athenaei
1090 2005 1161 2072 loco
1188 2005 1342 2086 vidimus,
1371 2017 1404 2071 et

389 2129 559 2194 militarem
583 2129 679 2216 plane
704 2130 861 2194 rationem
878 2128 975 2194 fuisse
992 2128 1211 2207 observatam,
1228 2129 1280 2194 vel
1296 2153 1315 2196 e
1330 2151 1404 2196 ver-

389 2251 438 2316 bis
474 2255 582 2314 πάντα
614 2249 676 2312 dod
705 2254 940 2332 προστάγματος
975 2253 1174 2332 κηρυοοεται,
1205 2251 1282 2316 satis
1305 2261 1405 2338 patet.

390 2372 519 2438 Deinde
554 2395 650 2450 vero,
681 2374 838 2458 corruptis
869 2373 1028 2450 moribus,
1053 2371 1093 2438 ab
1117 2372 1171 2438 illa
1198 2374 1331 2459 antiqua
1354 2395 1406 2440 so·

391 2496 528 2560 veritate
564 2493 624 2560 hac
660 2515 789 2580 quoque
817 2495 850 2556 in
878 2516 914 2558 re
943 2492 1120 2580 Spartanos
1146 2492 1343 2574 descivisse,
1365 2517 1406 2560 ex

391 2616 600 2704 sequentibus
624 2614 788 2682 Athenaei
813 2614 920 2682 verbis
944 2614 1143 2704 intelligitur.

438 2737 529 2820 Quid
540 2750 648 2804 autem
660 2747 829 2824 praeterea
840 2737 888 2804 his
901 2737 1014 2804 diebus
1026 2738 1114 2804 festis
1125 2735 1233 2805 locum
1244 2738 1403 2814 habuero.

390 2861 528 2930 maxime
552 2871 642 2950 patet
666 2884 683 2924 e
709 2857 899 2926 Callimachi
924 2860 1083 2939 versibus,
1108 2860 1129 2924 l.
1152 2861 1174 2928 l:
1198 2883 1243 2926 vs·
1261 2861 1303 2925 78
1321 2878 1403 2941 sqq-z
1483 2854 1485 2864 ’

882 3035 926 3050 -
946 3029 988 3044 ··-
1010 2971 1121 3059 πολλοὶ

434 3115 602 3180 Ὓοτάτιον
623 3101 794 3180 πίπτουσιν
816 3115 865 3180 ἐπ’
893 3113 1004 3199 ι’σχίον,
1026 3105 1051 3178 ὦ
1070 3116 1155 3188 ἄνα,
1175 3107 1282 3190 ταῦροι
1294 3100 1337 3188 2).

435 3237 502 3315 ’llo
525 3235 574 3314 ι’ὴ,
598 3238 732 3318 Καρνεῖι
755 3229 944 3305 solmam,
968 3237 1030 3294 σεῖο
1051 3227 1086 3292 δὲ
1113 3226 1211 3312 βωμοὶ

419 3353 570 3418 ”Ἀνθια
592 3354 650 3432 μὲν
674 3352 835 3434 φορέουσιν
862 3351 896 3412 έν
922 3346 1020 3428 ι’έαρι,
1042 3347 1135 3408 τόσσά
1157 3366 1216 3427 περ
1236 3327 1315 3426 uiam

431 3470 558 3537 Ποικίλ’
581 3471 721 3550 οἰχινιῦσι
742 3470 872 3548 ζέφυρον
894 3464 1059 3536 πνείοντος
1081 3460 1203 3546 ἐέρσην,

433 3591 572 3673 Χιίματι
596 3589 630 3654 δέ
654 3592 764 3672 κρόκον
791 3583 880 3666 ἡδύν·
907 3583 956 3646 a'sl
980 3580 1015 3647 δέ
1038 3607 1087 3646 τοι
1109 3580 1226 3647 (ι’έναον
1250 3585 1326 3664 πῦρ,

433 3708 515 3774 Ουδέ
540 3732 616 3773 ποτε
640 3707 753 3792 χθιζὸν
776 3705 997 3790 περιβὸσκεται
1019 3705 1170 3786 ἄνθρακα
1192 3699 1301 3784 τέφρη.

435 3813 492 3892 Ἥ
511 3831 538 3914 ῥ’
560 3830 654 3913 ἐχάρη
676 3824 757 3905 μέγα
778 3824 916 3910 (holdam
946 3823 997 3885 ὅτε
1022 3821 1169 3905 ζωστῆρσι·
1189 3818 1322 3889 Ἐνυοῦς

435 3945 570 4029 Ἀνέρις
592 3942 772 4028 ὠρχήσαντο
794 3943 872 4023 μετὰ
895 3939 1031 4024 ξανθῇσι
1056 3941 1230 4030 Λιβυσσης,

432 4066 572 4146 Tiamaa
597 4055 665 4127 εὖτέ
688 4083 761 4140 σφιν
785 4057 979 4146 Καρνειάδα·
1003 4056 1126 4141 ἤλυθον
1150 4044 1239 4142 ὦραι.

405 4204 608 4218 --——·-·-·-

422 4284 447 4342 1)
465 4283 503 4331 Cf.
521 4280 619 4330 Homer.
639 4279 670 4328 Il.
690 4277 783 4337 XXIV,
801 4278 850 4332 784
869 4291 904 4356 ορ.

422 4364 447 4425 2)
465 4361 501 4412 Cs.
520 4360 614 4412 Pindar.
632 4359 703 4425 Pyth.
721 4359 752 4422 V,
770 4359 816 4425 72,
834 4357 875 4410 ubi
891 4358 981 4438 Curuae
998 4354 1120 4421 πολύθυτον
1137 4356 1215 4422 ἔρανον
1230 4351 1303 4410 vost.
