3270 5382
879 424 921 487 10

383 641 417 706 in
442 637 580 706 cultrum
605 638 725 704 crimen
752 636 929 723 rejecisset,
959 636 1097 704 cultrum
1122 639 1178 725 qui
1202 661 1282 706 voce
1305 661 1396 706 eare-

383 763 457 842 bat,
492 762 598 830 caedis
634 759 898 828 condemnarunt.
950 759 1062 848 Atque
1098 785 1139 828 ex
1178 783 1217 828 eo
1251 774 1396 852 tempore

383 884 549 970 hucusque
573 884 606 948 in
629 882 766 970 Dipoliis
790 880 929 948 Athenis
953 884 986 948 in
1011 906 1084 950 arce
1107 884 1169 950 hoo
1192 884 1287 951 modo
1304 886 1397 953 bovis

382 1007 574 1074 sacrificium
609 1004 782 1071 celebrant.
828 1003 925 1070 Pultc
961 1006 1047 1072 enim
1082 1017 1116 1072 et
1142 1006 1215 1074 libis
1238 1008 1273 1073 in
1297 1030 1398 1074 aenea

383 1151 494 1196 mensa
522 1125 683 1194 collocatis
708 1125 918 1214 depascentes
941 1125 1040 1193 boves
1065 1127 1331 1215 circumegitant‚
1356 1151 1398 1195 ex

383 1250 499 1338 quibus
524 1250 579 1335 qui
602 1271 621 1314 e
645 1270 758 1314 mensa
781 1247 981 1336 degustarit,
1005 1270 1080 1314 eum
1105 1258 1265 1316 mactant:
1291 1259 1324 1316 ct
1347 1250 1395 1316 fa·

383 1371 489 1438 miliae
524 1393 638 1436 eorum
669 1370 726 1456 qui
761 1369 842 1435 haec
864 1369 1006 1448 faciunt,
1030 1391 1117 1436 nuuc
1141 1371 1237 1436 etiarn
1262 1381 1398 1451 snnt‚a

384 1493 521 1582 Sopatro
545 1494 601 1580 qni
625 1491 807 1560 vulneravit
825 1494 990 1557 Booroaoa
1013 1492 1108 1572 dicti,
1130 1493 1171 1560 ab
1197 1515 1235 1559 eo
1260 1495 1317 1581 qui
1334 1494 1397 1560 eir-

379 1617 592 1704 cumagitavit
615 1613 820 1699 Κεντριάδαι,
845 1615 1063 1702 ajugulatore
1081 1616 1225 1700 Acarpot,
1243 1639 1284 1682 ex
1298 1617 1397 1704 epulo

381 1737 471 1825 quod
499 1761 540 1804 ex
568 1737 714 1804 carnium
742 1737 897 1803 divisione
928 1738 1192 1806 constituebatur.
1230 1739 1295 1806 Ubi
1318 1761 1396 1806 vero

382 1861 469 1926 corio
481 1861 550 1947 jam
573 1859 692 1926 referto
715 1860 748 1924 in
767 1858 927 1945 judicium
950 1869 1085 1926 ventum
1109 1871 1175 1942 est,
1199 1860 1338 1928 cultrum
1361 1862 1397 1928 in

382 2005 472 2048 mare
495 1983 675 2070 projectum
700 1980 894 2070 demergunt
910 1978 951 2067 l).

428 2106 482 2171 De
516 2105 565 2170 his
601 2105 656 2190 qui
691 2126 784 2172 sacra
818 2105 852 2168 in
880 2104 917 2168 iis
947 2103 1060 2170 diebus
1088 2105 1177 2170 festis
1200 2106 1400 2193 peragebant

383 2224 617 2305 sacerdotibus,
652 2235 763 2292 narrat
797 2247 893 2312 porro
915 2223 1058 2312 Hesych.
1083 2249 1114 2291 v.
1138 2229 1287 2308 Bootae,
1313 2228 1400 2290 Bort-

382 2373 442 2432 την
465 2349 586 2415 dictum
609 2348 721 2430 fuisse,
743 2349 798 2434 qui
814 2348 848 2412 in
864 2346 1002 2435 Dipoliis
1017 2347 1191 2435 Buphonia
1206 2348 1398 2436 peragebat,

382 2469 471 2559 quod
501 2471 636 2537 fortasse
666 2469 708 2536 ad
735 2469 864 2536 eosdem
888 2470 946 2536 hos
971 2474 1162 2544 Bovnsnooc
1185 2482 1233 2538 est
1251 2470 1393 2538 referen-

385 2595 478 2660 dum:
515 2592 634 2661 Suidas
665 2615 744 2659 vero
773 2603 805 2658 et
832 2591 939 2659 Schol.
964 2591 1129 2680 Aristoph.
1153 2593 1241 2660 Nub.
1266 2593 1332 2662 985
1359 2616 1400 2659 ex

382 2714 587 2782 Androtione
610 2726 758 2795 narrant,
782 2738 858 2781 enm
875 2716 931 2802 qni
950 2715 1068 2780 bovem
1083 2716 1257 2794 mactabat,
1276 2716 1399 2781 dictum

382 2838 480 2906 fuisse
504 2833 680 2913 ommia,
706 2861 846 2926 quocum
870 2838 1027 2903 consentit
1051 2835 1160 2904 Schol.
1182 2837 1334 2914 Homeri,
1351 2835 1399 2898 di·

383 2984 461 3028 cens
483 2961 686 3026 Thaulonem
710 2959 871 3045 quendam
894 2960 929 3024 in
953 2957 1084 3024 exilium
1106 2961 1242 3046 ejectum
1258 2956 1397 3042 primum

383 3081 522 3150 Athenis
549 3081 666 3148 bovem
689 3089 846 3148 mactasse
861 3079 904 3167 2).

430 3204 556 3271 Multos
584 3213 693 3269 autem
717 3204 752 3268 in
776 3203 837 3269 hoc
858 3203 939 3269 festo
963 3204 1062 3270 boves
1084 3200 1182 3266 fuisse
1206 3197 1398 3263 santificatos

385 3328 462 3394 dicit
485 3325 628 3413 Etymol.
650 3325 700 3390 M.
723 3349 755 3390 v.
780 3327 970 3405 Boeotiam,
994 3322 1081 3388 unde
1104 3322 1139 3386 in
1163 3319 1292 3388 Scholio
1309 3321 1399 3409 regio

385 3449 427 3516 ad
461 3447 627 3534 Aristoph.
662 3446 748 3512 Nub.
781 3445 848 3511 985
878 3439 1050 3525 πολυτελὴς
1086 3454 1221 3510 vocatur
1248 3445 1338 3527 ἑορτή
1359 3439 1400 3528 3).

389 3642 595 3654 ——t——Q

419 3771 443 3829 1)
460 3767 577 3832 Porphyr.
594 3765 622 3814 dc
639 3763 730 3813 Abstin.
749 3764 791 3822 II,
809 3765 841 3814 29
858 3781 921 3829 seqq.
947 3764 1019 3814 Panlo
1041 3764 1108 3813 aliter
1129 3763 1243 3828 originem
1261 3762 1295 3810 rei
1311 3764 1393 3810 narrat

385 3847 429 3908 11,
445 3849 484 3897 10.
503 3849 548 3896 Off.
566 3845 661 3895 omnino
677 3845 778 3893 Pausen.
796 3846 823 3904 1,
841 3845 886 3904 24,
904 3849 921 3894 4
938 3849 962 3894 et
978 3847 1023 3904 28,
1042 3846 1082 3893 11.
1099 3843 1189 3893 Aeiinn.
1208 3844 1238 3892 V.
1250 3843 1283 3891 H.
1294 3842 1400 3900 VIII,3

386 3933 410 3978 ot
426 3927 595 3992 chicographi
610 3942 634 3976 v.
659 3931 772 3992 acaptare.
797 3925 834 3974 De
849 3927 900 3991 ipso
916 3929 995 3976 autom
1011 3933 1065 3998 napi
1082 3939 1125 3980 rora
1142 3931 1234 3995 ἀψύχων
1250 3928 1311 3993 apud
1327 3928 1400 3976 Athe-

386 4011 477 4058 nienses
494 4007 581 4072 judicio
606 4009 661 4055 nota
685 4007 773 4055 omnia:
800 4007 844 4056 cff.
871 4007 890 4056 si
914 4008 987 4068 tanti,
1013 4011 1084 4058 auctt.
1107 4010 1168 4075 apud
1189 4009 1306 4065 Potitum,
1325 4009 1398 4073 Logg.

387 4087 597 4153 Mpfflm

420 4171 445 4230 2)
462 4168 526 4218 Smd.
549 4184 572 4216 v.
596 4169 693 4219 Θαύλων,
721 4165 799 4217 Schol.
820 4165 894 4216 Hom.
918 4167 985 4219 Iliad.
1004 4179 1034 4235 2,
1053 4171 1115 4228 483,
1133 4186 1158 4234 p.
1177 4169 1224 4217 506
1239 4167 1339 4218 Bokkcr.
1363 4168 1401 4217 ef.

388 4251 520 4299 Hermann.
537 4247 554 4296 l.
568 4247 584 4296 l.
603 4263 626 4311 p.
644 4249 705 4305 323,
725 4248 770 4296 Na.
790 4247 829 4296 20.

421 4333 445 4390 ³)
463 4329 517 4379 Vid.
535 4327 649 4377 Dindorfii
666 4328 694 4376 ml
711 4328 735 4378 h.
755 4327 772 4378 l.
790 4327 915 4379 adnotatio.
