3270 5382
460 1223 546 1308 llll
590 1219 1008 1310 nrnrunlls.

666 1547 812 1560 *ιι-ι-

276 1769 325 1838 Ut
349 1769 477 1838 Cornea
500 1772 648 1840 omnibus
670 1772 830 1853 Doribus‚
854 1772 899 1838 ite
923 1768 1085 1860 Apaturie
1107 1769 1243 1838 Ionibus

229 1893 322 1959 fuere
351 1895 553 1974 communie,
583 1893 671 1982 quod
695 1893 821 1960 disertis
845 1893 952 1960 verbis
975 1901 1112 1960 testatur
1133 1892 1243 1959 Hero-

232 2013 348 2095 dotus,
372 2015 444 2082 loco
467 2015 665 2082 memorabili
681 2014 715 2094 I,
734 2016 817 2080 1472
843 2014 901 2078 εἶσὶ
923 2013 958 2078 δὲ
978 2018 1096 2088 πάντες
1113 2011 1242 2090 Ἴωνες,

229 2137 296 2201 ὅσοι
309 2137 367 2202 ἀπ’
388 2137 551 2222 Ἀθηνῶν
568 2141 715 2218 γεγόνασι
732 2137 787 2200 καὶ
799 2134 1003 2220 Ἀπατούρια
1015 2137 1125 2216 ἄγουσι
1136 2137 1243 2220 ὁρτήν.

225 2245 341 2335 ’ἄγουσι
361 2253 396 2320 δὲ
413 2259 528 2329 πάντες
549 2253 634 2337 πλὴν
655 2253 811 2337 Ἐφεσίων
833 2253 888 2318 καὶ
910 2250 1133 2336 Κολοφωνίων·
1157 2235 1244 2316 οὗτοι

230 2377 289 2458 γὰρ
318 2375 430 2456 μοῦνοι
451 2372 575 2438 Ἰώνων
601 2371 657 2436 οὐκ
687 2375 799 2453 ἄγουσι
822 2372 1044 2460 Ἀπατούρια,
1076 2373 1132 2436 ναὶ
1155 2353 1242 2436 οὗτοι

231 2493 313 2554 κατὰ
334 2491 434 2572 φόνον
454 2491 528 2556 τινὰ
548 2495 666 2576 σκῆψιν
682 2489 721 2580 ¹).
770 2491 865 2576 Quae
888 2491 964 2559 licet
987 2491 1143 2559 invidiose
1167 2503 1240 2557 ten-

224 2609 287 2702 'get
301 2611 511 2692 Plutarchus,
528 2613 584 2699 qui
600 2614 713 2694 fertur,
729 2613 770 2681 de
786 2614 909 2682 Herod.
925 2613 1080 2704 malignit.
1093 2611 1174 2702 (lap.
1189 2613 1245 2696 19,

225 2719 283 2799 ¹vel
318 2733 365 2800 eio
400 2741 508 2799 temen
542 2757 604 2802 neo
638 2758 707 2803 rem
743 2745 861 2825 negat,
885 2746 917 2804 et
944 2759 1060 2804 revera
1084 2734 1245 2825 Apaturie

230 2854 393 2920 celebrate
419 2855 599 2923 invenimus
631 2857 718 2946 apud
747 2856 874 2926 Samios
889 2857 937 2945 l),
975 2855 1074 2925 Chios
1091 2853 1138 2944 3),
1175 2857 1243 2947 Cy-

228 2977 372 3057 zicenos,
396 2974 600 3044 Milesiorum
624 2979 770 3061 colonos,
795 2980 925 3068 quibus,
948 2989 986 3046 ul
1008 2979 1134 3061 Teniie,
1151 3003 1243 3046 men-

230 3099 273 3162 sis
306 3110 377 3165 erut
400 3098 660 3184 'Auarooqriror
685 3101 727 3166 ed
757 3101 985 3190 Phanagoriee
1021 3102 1142 3170 incolas
1170 3125 1243 3170 eam

231 3217 419 3307 religionem
454 3244 525 3289 esse
553 3219 693 3290 delatam
721 3221 852 3289 aliunde
879 3224 1010 3304 ecimue3
1039 3224 1079 3291 ab
1113 3222 1243 3291 Chalei-

229 3339 384 3406 densibus
429 3352 558 3424 autem,
604 3341 855 3412 Atheniensium
896 3345 1038 3427 colonie,
1075 3368 1095 3413 a
1126 3346 1242 3434 quibus

231 3461 366 3550 Cymaei
394 3462 512 3530 conditi
544 3476 640 3546 eunt,
676 3490 743 3534 non
772 3467 933 3550 abfuisse,
958 3470 1055 3536 etiam
1078 3467 1241 3558 phratriae

229 3582 517 3674 Neapolitanorum
533 3587 684 3674 probant,
706 3590 761 3676 qui
774 3613 793 3656 a
805 3589 957 3680 Cymaeis
970 3602 1045 3676 sunt
1057 3589 1188 3658 deducti
1199 3590 1240 3676 4).

262 3853 287 3912 1)
304 3851 337 3901 Ol
350 3848 463 3900 Bibliolh.
480 3849 550 3900 Coiel.
568 3866 593 3916 p.
611 3851 669 3903 605.

262 3931 287 3990 2)
304 3930 395 3980 Herod.
411 3944 469 3994 quoe
485 3929 577 3991 dieitur,
594 3930 643 3981 vito
659 3929 758 3982 Homer.
777 3932 835 3997 Cep.
853 3931 894 3982 29.

264 4010 288 4068 3)
305 4010 369 4058 Suid.
386 4025 409 4059 v.
425 4003 512 4079 ὀμηρ.

264 4091 289 4146 4)
305 4088 389 4148 Meier,
412 4088 440 4138 de
462 4087 569 4139 Gentilit.
588 4089 679 4149 Attiou,
696 4106 721 4155 p.
740 4089 780 4139 12.
804 4089 849 4139 cn.
866 4087 963 4148 Strabo,
982 4088 1031 4149 XI,
1049 4089 1111 4148 495,
1128 4087 1241 4148 Boeoklr„

232 4166 338 4217 Prooem.
361 4169 391 4218 ed
409 4167 478 4219 indie
493 4167 571 4218 Schol.
591 4170 668 4228 1834,
685 4186 709 4235 p.
724 4170 749 4223 7.
767 4169 839 4235 Corp.
857 4169 968 4234 Inscript.
985 4171 1029 4218 ΝΟ.
1046 4169 1111 4218 2330
1128 4172 1152 4218 ei
1167 4170 1242 4220 233³.

233 4247 368 4306 Hermann,
385 4247 504 4298 Monulsk.
523 4264 547 4314 p.
566 4249 611 4306 80,
629 4249 668 4299 ubi
685 4266 713 4300 ex
727 4249 812 4300 meueie
828 4251 945 4319 opnrploo
960 4250 1021 4316 opud
1039 4251 1150 4314 Cymenes
1166 4251 1241 4300 nomi·

232 4324 305 4374 need
321 4325 392 4375 simile
409 4327 493 4376 loeium
511 4325 662 4377 eonoluditur.
1054 4359 1056 4362 ·
