3270 5382
908 481 949 545 18

406 697 521 762 musici
535 702 753 761 memorantur
765 694 936 762 Periclitus
949 694 1151 766 citharoedus
1164 692 1210 784 1),
1223 693 1422 775 Timotheus,

407 821 460 884 cui
496 841 569 884 cum
599 820 754 886 innovare
785 827 967 896 conaretur,
996 819 1110 884 nimias
1139 818 1275 884 chordas
1298 818 1423 906 Ephori

405 953 618 1008 resecuerunt
633 943 683 1028 2),
708 953 741 1008 et
756 939 984 1028 Aristophanis
1000 941 1197 1028 temporibus
1213 941 1423 1008 Execestides

407 1061 586 1147 κιθαρῳδὸς
603 1063 828 1146 Πυθιονίκης,
864 1063 919 1150 qui
947 1064 1126 1150 praemium
1153 1064 1188 1128 in
1214 1064 1253 1130 iis
1276 1075 1423 1151 reporta·

404 1185 450 1250 vit
465 1181 505 1269 3).
552 1183 743 1252 Hellanicus
767 1196 875 1253 autem
900 1184 981 1252 adeo
1005 1183 1224 1270 Καρνεονίκαις
1249 1185 1365 1266 edidit,
1386 1197 1424 1252 ut

404 1303 565 1370 Pindarus
591 1303 855 1388 Ὀλυμπιονίκας,
891 1307 976 1372 he.
1012 1308 1153 1374 carmine
1182 1308 1344 1373 recensuit
1371 1307 1423 1372 vel

406 1426 551 1492 laudavit
578 1451 649 1508 eos,
683 1429 739 1514 qui
772 1429 805 1493 in
835 1425 970 1495 Cauneis
998 1429 1151 1494 vicissent
1165 1427 1206 1515 4).
1252 1428 1423 1494 Pertinent

405 1549 469 1614 huc
493 1573 622 1636 quoque
648 1549 814 1636 Euripidis
838 1573 951 1616 versus
975 1550 1070 1616 modo
1093 1548 1232 1629 laudati,
1257 1551 1423 1638 inquibus

405 1671 569 1758 peculiare
606 1671 684 1758 quid
719 1670 759 1736 de
796 1669 970 1738 Alcestidis
1005 1671 1155 1737 laudibus
1183 1673 1312 1759 respici,
1336 1671 1424 1760 quod

404 1805 520 1881 poetae
544 1805 649 1860 aetate
674 1795 707 1860 in
731 1795 769 1859 iis
794 1794 984 1876 obtinuerit,
1012 1794 1090 1862 mihi
1114 1817 1179 1860 non
1203 1806 1251 1860 est
1274 1796 1423 1874 dubium

404 1915 492 2003 quod
515 1916 610 2003 quale
634 1915 746 1996 fuerit,
773 1927 907 2004 propter
931 1929 1077 2004 tempora
1099 1928 1226 1982 remota
1250 1929 1339 1984 certo
1366 1916 1423 1983 de-

404 2039 497 2104 finire
522 2061 588 2104 non
612 2039 749 2126 amplius
773 2039 926 2105 valemus.

453 2159 549 2226 Alius
574 2171 743 2246 praeterea
759 2184 828 2226 mos
844 2163 878 2226 in
894 2163 932 2226 iis
949 2160 1138 2238 habebatur,
1155 2160 1211 2244 qui
1229 2183 1269 2224 ex
1281 2160 1426 2228 Beklseri

407 2281 534 2348 Anecd.
568 2279 627 2348 Gr.
656 2281 699 2348 V.
726 2281 763 2362 I,
791 2307 823 2370 p.
848 2283 915 2350 305
946 2281 1039 2347 nobis
1068 2281 1222 2360 innotuit,
1246 2283 1425 2350 secundum

407 2429 506 2492 quem
534 2405 649 2492 aliquis
674 2419 846 2473 coronatus
870 2406 1038 2484 currebat,
1062 2405 1149 2471 bona
1169 2415 1201 2470 et
1223 2404 1329 2472 fausta
1352 2407 1426 2473 urbi

404 2552 558 2616 precans,
588 2541 621 2597 et
645 2532 783 2618 juvenes
816 2552 889 2594 eum
920 2527 1148 2615 sequebantur,
1177 2525 1426 2612 σταφυλοὸρόμοι

409 2654 508 2734 dicti,
545 2654 601 2740 qui
637 2655 664 2720 ei
700 2676 775 2718 eum
812 2650 1107 2740 deprehenderent,
1142 2649 1219 2716 boni
1248 2651 1326 2738 quid
1353 2627 1428 2718 urhi

407 2777 637 2863 exspectabant
665 2775 844 2842 secundum
873 2797 997 2840 morem
1025 2774 1181 2860 patrium3
1210 2775 1339 2838 sivero
1363 2773 1424 2838 mi-

407 2922 470 2964 nus
506 2901 704 2966 contrarium
720 2898 762 2984 ὅ).
808 2894 1071 2978 Erepsi-odedum
1105 2895 1138 2960 hi
1166 2893 1310 2960 similiter
1336 2890 1423 2975 apud

406 3021 607 3108 Hesychium
633 3030 807 3085 occurrunt
831 3018 874 3083 V.
898 3017 951 3096 II,
976 3018 1137 3103 p.1260:
1162 3012 1246 3081 τινὲς
1259 3010 1324 3073 τῶν
1335 3013 1423 3092 Καρ-

407 3145 531 3210 νεοττῶν
552 3143 778 3227 ’παρορμῶντες
811 3141 884 3214 τούς
914 3141 966 3204 ἐπὶ
990 3145 1103 3224 scarp,
1134 3155 1216 3219 quae
1234 3132 1309 3216 jure
1333 3129 1424 3194 Her-

407 3289 521 3343 mann,
545 3265 566 3330 l.
583 3265 604 3330 l.
627 3288 659 3351 p.
685 3265 770 3343 270,
794 3263 849 3328 N⁰.
872 3262 916 3325 30
945 3261 987 3324 ad
1014 3259 1159 3322 instituta
1182 3253 1321 3333 rustica,
1343 3251 1423 3318 inci·-

406 3389 508 3474 pienti
531 3386 711 3453 vindemiae
736 3380 979 3457 convenientia,
1009 3377 1131 3442 referre
1155 3375 1294 3442 videtur.

456 3507 558 3578 Sacra
593 3512 627 3574 in
656 3506 791 3574 Carneis
814 3502 952 3568 faciebat
980 3500 1130 3566 sacerdos
1155 3499 1273 3582 α’γητὴς
1297 3497 1423 3574 dictus,

410 3634 496 3700 unde
526 3633 644 3698 festum
675 3632 779 3716 ipsum
808 3647 958 3711 quoquc,
989 3635 1071 3688 teste
1103 3621 1285 3708 Hesychio,
1308 3620 1423 3702 ἀγητο-

410 3757 463 3842 ρία
491 3755 667 3823 vocabatur
683 3752 730 3836 6),
763 3760 795 3813 et
823 3746 994 3834 peculiaris
1023 3768 1101 3810 cura
1124 3767 1236 3810 eorum
1259 3752 1422 3827 tamquam

408 3905 618 3920 Μ

444 3990 468 4048 1)
485 3987 604 4036 Plutarch.
620 3984 648 4032 de
664 3981 768 4038 Musica,
788 3981 846 4045 Cap.
861 3979 907 4028 VI.
927 3980 964 4028 cf.
981 3978 1058 4036 Bode,
1075 3977 1092 4026 l.
1109 3975 1274 4033 1.V.11‚2‚
1292 3990 1317 4039 p.
1332 3974 1390 4026 367.

443 4071 467 4128 2)
484 4067 603 4116 Plutarch.
612 4063 686 4112 instit.
696 4062 781 4110 Lacon.
792 4061 850 4126 Cap.
860 4061 900 4112 17.
915 4060 953 4108 Cf.
963 4061 1034 4108 aucit.
1045 4058 1107 4123 apud
1115 4057 1187 4116 Bode,
1196 4055 1213 4104 1.
1222 4055 1239 4104 l.
1249 4055 1286 4114 II,
1296 4057 1324 4112 2,
1334 4072 1358 4119 p.
1365 4053 1423 4104 326.

444 4150 468 4207 3)
486 4145 563 4194 Schcl.
581 4142 701 4206 Aristoph.
719 4143 763 4190 Av.
784 4142 823 4190 11.

442 4230 468 4286 4)
486 4224 580 4273 Hcllnn.
598 4221 658 4284 apud
675 4221 761 4269 Athen.
780 4219 848 4277 XIV,
867 4219 907 4271 37.
925 4219 963 4266 Cf.
981 4219 1062 4276 Stura,
1082 4216 1177 4266 Hellau.
1194 4215 1280 4279 fragm.
1297 4230 1322 4278 p.
1337 4215 1379 4262 83.

445 4309 468 4364 5)
486 4306 523 4352 cf.
541 4301 648 4358 Boeckh‚
667 4301 738 4365 Corp.
757 4300 868 4364 Inscript.
887 4299 915 4356 I,
933 4297 1056 4349 N⁰.1387
1074 4301 1097 4345 et
1116 4297 1157 4345 88.

443 4386 469 4445 c)
486 4382 589 4446 Hesych.
615 4380 646 4430 V.
673 4380 699 4440 1,
725 4397 750 4446 p.
775 4381 807 4434 47
833 4396 857 4430 v.
879 4383 1022 4447 ἀγητόρειον.
1048 4375 1087 4429 Cf.
1106 4376 1249 4439 Thepoup.
1266 4372 1327 4439 apud
1343 4369 1422 4422 Schol.
