3270 5382
693 463 714 534 5

190 685 238 750 Ιἔτι
259 685 312 748 καί
335 683 365 758 ἐς
388 685 469 765 ἡμᾶς
485 680 676 764 Ἀθηναῖοι.
733 677 896 761 Quocirca
914 677 1067 768 ἐπιχώρια
1079 703 1205 770 quoque

193 830 266 872 oum
291 804 443 871 Goellero
473 803 514 869 ad
542 803 689 890 Thucyd.
714 802 734 866 l.
749 803 770 867 l.
795 807 958 870 seeundum
986 806 1153 872 institutam
1181 818 1208 872 et

193 952 308 994 morem
340 927 480 1014 patrium
515 927 719 1013 interpretor,
742 924 818 990 licet
846 928 1033 1014 ceteroquin
1057 929 1091 994 in
1114 927 1209 996 Jovis

194 1049 350 1118 Meiliohii
386 1047 474 1114 cultu
510 1049 641 1113 omnino
678 1048 827 1114 victimae
852 1060 1023 1115 occurrant
1039 1047 1078 1134 1).
1125 1049 1209 1137 Ipsis

196 1183 304 1237 autem
339 1170 477 1236 Athenis
512 1169 696 1235 Diasiorum
732 1169 813 1236 festo
842 1171 969 1236 nonnisi
997 1170 1145 1254 πέμματα
1169 1171 1210 1237 ab

199 1295 342 1360 omnibus
372 1273 480 1359 oblata
501 1292 599 1357 fuisse
624 1292 782 1358 videntur.

242 1415 296 1482 Ad
333 1415 491 1482 Meilichii
527 1415 613 1502 quod
649 1415 763 1479 attinet
797 1437 937 1494 nomen,
968 1416 1142 1503 proleptioe
1174 1427 1209 1482 ut

195 1537 393 1604 Eumenides
419 1537 460 1602 ad
477 1537 691 1624 expiationem
709 1548 741 1601 et
757 1535 1049 1602 reconciliationem
1067 1549 1211 1626 spectare

195 1661 339 1738 videtur,
374 1659 483 1745 prouti
511 1668 543 1722 et
568 1658 641 1724 alibi
667 1669 841 1724 occurrunt
864 1659 934 1722 θεοί
954 1654 1115 1744 μειλίχιοι,
1139 1663 1212 1748 qui-

195 1784 256 1848 bus
289 1792 389 1846 noctu
416 1780 655 1846 sacrificabatur
683 1780 838 1868 Myoniae
853 1781 908 1867 2),
943 1781 1023 1853 Ζευς
1044 1779 1213 1868 Μειλίχιος

195 1903 314 1992 Argis,
340 1903 431 1988 cujus
460 1903 616 1988 originem
643 1912 754 1967 narrat
780 1901 920 1967 Pausan.
946 1901 1002 1980 II,
1027 1902 1092 1980 20,
1118 1906 1152 1980 1;
1180 1905 1214 1968 in

196 2026 261 2090 fine
296 2035 403 2090 autem
431 2023 520 2088 addit
548 2046 630 2110 quae
659 2024 707 2088 rei
731 2034 881 2090 naturam
905 2023 1000 2110 plane
1029 2024 1213 2110 explicant:

196 2147 323 2230 ὕστερον
354 2144 388 2209 δὲ
423 2143 508 2209 ἄλλα
543 2166 577 2208 τι
613 2146 808 2228 ἐπηγάγοντο
837 2149 1073 2228 καθάρσια,
1096 2147 1139 2219 ὥς
1162 2147 1215 2210 ἐπὶ

196 2266 307 2348 αίγιατι
332 2262 488 2347 ἐμφυλίῳ,
509 2266 563 2327 καί
581 2261 713 2345 ἄγαλμα
725 2260 891 2347 ἀνέθηκαν
903 2260 1074 2348 Μειλιχίου
1085 2265 1161 2336 Διός
1172 2259 1212 2349 ³).

242 2384 273 2450 E
301 2381 593 2448 Pseudo-Luciani
626 2380 811 2446 Charidemi
834 2383 924 2447 initio
949 2384 1118 2470 suspiceris
1143 2403 1212 2449 oer-

199 2505 322 2570 tamina
351 2503 473 2568 musica
501 2525 629 2588 quoque
656 2503 689 2567 in
713 2503 750 2568 iis
775 2503 968 2584 obtinuisse,
992 2505 1111 2592 quippe
1137 2503 1212 2568 Aa·

200 2623 324 2690 drooles
349 2623 494 2688 encomio
519 2622 750 2689 Dioscurorum
776 2625 911 2689 recitato
929 2625 963 2688 in
983 2626 1021 2690 iis
1045 2625 1213 2692 victoriam

199 2745 391 2834 reportavit,
428 2755 461 2810 et
487 2743 561 2810 ideo
588 2744 756 2811 Merourio
780 2747 969 2812 sacrificium
995 2747 1135 2813 ἐπινίκια
1157 2748 1216 2813 ob-

199 2869 292 2948 tulit,
331 2889 395 2954 que
434 2866 474 2932 de
510 2890 546 2932 re
582 2867 711 2933 aliunde
748 2868 835 2956 quod
866 2870 964 2934 sciam
992 2893 1059 2934 non
1083 2878 1215 2935 constat

197 2990 251 3056 Ex
286 2987 506 3076 Aristophane
543 2999 650 3055 autem
686 2989 804 3054 festum
836 2991 975 3055 maxime
1004 2989 1215 3058 domesticum

201 3113 299 3178 fuisse
338 3124 371 3178 et
406 3112 447 3178 ad
483 3111 638 3178 familiam
674 3114 866 3198 pertinuisse
901 3115 1048 3179 novimus
1060 3161 1070 3193 ,
1098 3115 1215 3200 quippe

201 3232 287 3318 apud
310 3256 406 3319 quem
429 3236 463 3300 in
486 3232 685 3320 lepidissimo
711 3256 786 3299 oum
811 3233 946 3300 Socrate
970 3233 1010 3300 de
1033 3235 1215 3322 fulguribus

202 3353 361 3440 colloquio
386 3353 608 3442 Strepsiades:

202 3494 241 3572 νὴ
260 3490 324 3572 Δί’,
347 3489 407 3570 ἐγὼ
428 3493 503 3570 γοῦν
524 3493 662 3577 οίτεχνῶς
684 3491 810 3558 ἔπαθον
831 3494 921 3557 τουτί
938 3515 1013 3557 ποτε
1025 3495 1214 3560 Διασίοισιν.

201 3609 317 3676 ditetur
334 3608 471 3694 γαστέρα
493 3617 557 3682 τοῖς
577 3609 770 3690 συγγενέσιν,
784 3607 853 3696 κᾷτ’
868 3612 924 3676 οὐκ
937 3613 1036 3698 ἔσχων
1047 3611 1213 3696 ἀμελήσας·

201 3736 223 3811 ἡ
240 3729 269 3794 δ’
286 3730 337 3810 ἄρ’
359 3730 499 3810 ἐφυσᾶτ’,
518 3719 573 3792 εἶτ’
596 3729 746 3813 ίξαίφνης
764 3728 982 3812 διαλακήσασα
998 3726 1077 3812 πρὸς
1092 3731 1177 3796 αὐτὼ

201 3845 384 3930 τώφθαλμώ
393 3871 453 3928 μου
462 3845 680 3931 προσετίλησεν
691 3848 746 3910 καί
756 3846 1216 3935 κατέκαυσεντιίιιρὸσονιιονί).Ι

208 4013 432 4026 -n———n——n-

238 4121 262 4178 l)
278 4121 333 4172 Vid.
346 4138 367 4171 e.
377 4139 400 4188 g.
416 4121 523 4187 Xenoph.
537 4121 612 4171 Anob.
626 4121 692 4182 VII,
707 4123 736 4182 8,
750 4127 779 4182 4,
796 4127 819 4173 5.
837 4124 933 4174 Lucan.
943 4124 1034 4172 'Iimon¹
1045 4121 1145 4188 iibiquo
1154 4123 1212 4173 Intt.

238 4201 262 4259 2)
279 4200 377 4252 Pausan.
397 4203 432 4261 X,
451 4203 496 4260 38,
514 4203 539 4250 4.

237 4281 262 4339 3)
280 4283 323 4331 etr.
340 4284 403 4332 Plut.
421 4283 489 4332 Thes.
508 4283 566 4346 Cap.
583 4283 622 4332 12.
640 4282 672 4332 id.
690 4283 719 4332 do
735 4283 811 4333 cohib.
829 4283 865 4334 ira
882 4285 909 4333 C.
928 4285 951 4333 9.
970 4283 1078 4335 Eustath.
1093 4273 1221 4348 edOdyssss.

204 4361 292 4422 xxn,
309 4365 365 4412 481.
465 4366 490 4426 4)
508 4363 628 4428 Aristoph.
647 4363 712 4414 Nub.
730 4365 779 4412 408
797 4380 847 4428 sqq.
