3270 5382
699 455 720 528 7

207 679 331 748 Aneed.
358 677 418 748 Gr.
441 677 473 755 Ι,
497 699 528 764 p.
553 677 595 742 91
622 673 848 741 animadvertit
875 673 1031 776 ῥοπόλεια
1055 698 1124 742 esse
1152 676 1218 745 ior·

206 829 293 870 nram
316 802 477 878 Atticam,
502 799 615 864 eadem
638 801 761 866 ratione
787 823 849 886 qua
873 803 1065 882 Δισωτήριον
1089 821 1218 886 quoque

207 927 357 993 dicebant
384 922 599 988 Athenienses
629 933 660 986 et
688 921 921 1010 Aristophanes
946 919 1153 1004 Λιπολιώδη.·
1177 921 1218 988 de

206 1047 431 1116 terminatione
458 1055 565 1110 autem
593 1045 734 1110 Zonaras
758 1069 789 1132 p.
815 1045 902 1110 525:
926 1041 1107 1108 Λιιπολείοι·
1133 1044 1218 1126 παρὰ

207 1174 252 1250 τῷ
266 1171 321 1234 Διὶ
337 1167 464 1248 δοτικὴν
479 1167 602 1246 γίνεται
618 1165 801 1232 Attiroi-aior
819 1169 872 1229 καὶ
885 1163 1052 1230 aasentias.
1066 1168 1218 1248 γράφεται

209 1289 245 1354 δὲ
269 1288 322 1353 διὰ
341 1292 395 1368 τῆς
417 1269 645 1368 ᾗδιφθόνγον
666 1291 710 1370 τῷ
737 1283 820 1368 λόγῳ
842 1288 907 1352 τῶν
931 1285 985 1349 did
1006 1289 1060 1349 τοῦ
1082 1309 1146 1349 ειον
1167 1283 1222 1350 οὐ·

210 1408 341 1492 tactem
361 1405 553 1489 μονογενῶν.
589 1404 691 1492 Apud
711 1403 877 1492 Aristoph.
896 1403 973 1471 Pac.
988 1399 1219 1470 42οΛιπόλεια

207 1530 353 1606 habetur,
366 1550 448 1614 quae
456 1529 544 1614 justa
556 1527 659 1594 forma
675 1526 785 1594 Attiou
798 1550 867 1593 esse
879 1527 1015 1593 videtur.
1049 1523 1217 1610 Quidquid

208 1664 271 1731 est,
304 1652 366 1718 hoe
394 1661 535 1730 constat,
558 1651 678 1718 festum
700 1651 798 1718 fuisse
823 1650 1093 1735 antiquissimum,
1118 1670 1218 1734 quare
1259 1720 1266 1736 .

207 1777 343 1860 injustus
368 1773 453 1860 apud
476 1769 642 1860 Aristoph.
664 1773 749 1840 Nub.
775 1774 864 1839 984:

252 1955 367 2044 ἀρχαῖά
390 1983 425 2037 γε
448 1959 503 2022 καὶ
527 1956 712 2041 Λιπολιὼδη
734 1959 788 2020 καὶ
811 1957 960 2037 τεττίγων
983 1957 1154 2042 ἀνάμεστα,

253 2078 307 2142 καὶ
329 2076 487 2161 Κηκείδου
511 2079 565 2141 καὶ
587 2077 787 2158 Βουφονίων.

209 2259 444 2329 Celebrebatur
480 2273 589 2328 autem
620 2263 672 2330 die
699 2264 745 2327 14
770 2263 888 2328 mensis
912 2259 1171 2347 Seirophorionis
1190 2258 1220 2347 1)

208 2386 264 2450 An
281 2381 415 2464 Πολιεῖ,
438 2386 527 2450 urbia
550 2385 604 2449 vel
627 2385 733 2470 potius
756 2385 837 2450 areis
854 2382 885 2469 ²)
912 2385 1037 2451 custodi
1054 2382 1102 2469 3),
1126 2395 1159 2449 et
1182 2393 1220 2450 nt

209 2503 339 2588 plurimi
372 2504 472 2589 hujus
504 2505 621 2571 mensis
656 2503 727 2570 dies
761 2504 833 2571 festi
849 2503 880 2589 4)
917 2506 959 2570 ad
987 2505 1220 2594 agriculturam

209 2625 347 2692 maxime
371 2626 528 2712 pertinet,
546 2627 583 2692 in
606 2627 793 2693 memoriam
816 2649 949 2714 nempe,
972 2638 1008 2692 ut
1026 2628 1152 2713 antiqui
1172 2625 1222 2693 di-

146 2825 148 2831 ,
210 2755 303 2824 eunt,
316 2746 383 2812 τῶν
400 2749 471 2830 περὶ
490 2747 556 2814 τῶν
577 2733 723 2814 πελάνων
742 2749 796 2814 καὶ
809 2750 872 2814 τῶν
884 2748 970 2836 βοῶν
981 2752 1168 2836 συμβάντων
1180 2745 1222 2834 5)ι

209 2867 348 2934 Festum
383 2870 469 2934 enim
496 2869 548 2934 vel
576 2872 683 2958 potius
712 2893 786 2957 pars
811 2874 878 2959 ejus
903 2875 1072 2953 Βουφόναν
1095 2895 1224 2958 quoque

208 2993 398 3074 dicebatur,
430 2995 508 3080 quia
537 3017 611 3060 eum
636 2997 812 3082 antiquitus
835 2998 958 3062 ceteris
973 2997 1007 3061 in
1030 2996 1127 3061 saeris
1150 2994 1223 3082 lege

209 3116 343 3181 vetitum
371 3127 454 3182 esset
478 3116 595 3182 bovem
618 3117 734 3201 ἀρότην
759 3119 952 3198 sacrificare,
976 3119 1039 3184 hoe
1053 3120 1086 3184 in
1104 3121 1224 3204 βουφο-

213 3257 424 3270 m—

245 3322 269 3380 1)
286 3321 379 3370 Bekker
395 3324 481 3374 Aneed.
499 3325 542 3374 Gr.
560 3323 588 3383 1,
606 3340 631 3390 p.
649 3324 697 3372 238
715 3327 739 3372 et
755 3324 881 3373 seeundum
897 3339 951 3374 eum
966 3325 1090 3374 Maetzner
1106 3325 1135 3376 ad
1151 3326 1220 3376 Anti·

209 3401 293 3468 phont.
318 3419 343 3466 p.
360 3403 407 3456 170
431 3408 511 3454 narrat
535 3404 628 3468 quidem
649 3403 735 3456 festum
757 3407 835 3454 aetum
851 3403 921 3454 faisse
937 3404 974 3453 die
991 3405 1023 3454 lo
1039 3407 1108 3469 hujus
1124 3405 1223 3466 mensis,

208 3482 276 3532 facile
299 3484 378 3532 tamen
400 3485 486 3534 erroris
507 3487 638 3550 arguuntur
662 3485 772 3536 unanimo
793 3487 915 3548 euemrum
936 3499 991 3538 mox
1007 3486 1153 3540 annuorum
1169 3503 1224 3541 eon·

209 3579 291 3622 sensu,
308 3579 380 3628 eoque
395 3565 470 3630 magis
486 3581 539 3614 oum
553 3568 602 3614 tota
618 3565 657 3614 illa
678 3565 766 3631 glossa,
792 3582 838 3630 qua
853 3568 939 3616 festum
956 3570 1032 3619 aratia
1048 3583 1139 3632 quoque
1155 3585 1221 3618 voca·

209 3648 257 3704 tur,
275 3644 305 3693 sit
321 3643 432 3709 permira.

243 3725 268 3784 2)
286 3725 324 3774 Of.
341 3723 662 3790 uenustissimam.
679 3725 742 3774 Plat.
761 3726 824 3786 tta
847 3731 938 3778 constat
953 3729 1016 3778 enim
1033 3732 1097 3780 atio
1113 3744 1141 3778 ex
1158 3730 1220 3778 Atti·

209 3821 290 3855 corum
306 3805 470 3854 consuetudine
486 3821 534 3854 esse
551 3807 641 3872 saepius
657 3809 786 3876 ἀκρόπολιν.

243 3887 268 3945 3)
286 3886 347 3934 Cum
367 3884 437 3934 saeris
454 3891 502 3944 Διὸς
516 3895 620 3956 Σωτῆρος
636 3902 663 3936 ea
679 3887 801 3951 conjuncte
818 3887 888 3938 fuisse
904 3890 1031 3955 suspicatus
1048 3893 1083 3939 eat
1099 3889 1221 3938 Hermam

212 3978 268 4022 nus,
294 3965 381 4016 Lehrb.
404 3965 445 4014 der
468 3966 572 4016 Gottesd.
594 3966 697 4016 Alterth.
714 3983 739 4032 p.
757 3968 805 4016 323
820 3969 863 4017 ΝΟ.
882 3970 928 4018 15:
947 3969 987 4020 sed
1005 3973 1070 4022 toria
1084 3973 1119 4022 td
1134 3979 1223 4039 Σωτῆρι

213 4043 310 4093 Athenis
326 4043 395 4093 fiebat
411 4043 493 4093 ultimo
510 4045 565 4094 anni
581 4046 625 4094 die.
653 4047 690 4095 cf.
713 4047 793 4110 Lysias
810 4047 838 4094 de
854 4047 955 4098 Evandr.
974 4066 998 4114 p.
1017 4050 1074 4103 790.
1100 4052 1136 4098 De
1152 4066 1221 4113 quae-

212 4122 287 4170 stione
309 4129 387 4173 autem
410 4139 468 4174 num
492 4126 545 4182 Ζεὺς
564 4135 640 4195 σωτήρ
656 4127 718 4175 idem
734 4126 764 4175 sit
779 4127 819 4190 qui
837 4130 960 4198 ἐλευθέριος
976 4129 1023 4179 vid.
1042 4129 1225 4180 Hemeterh.·ed

215 4203 334 4267 Aristoph.
351 4204 416 4254 Plut.
435 4205 508 4258 1175.

246 4285 272 4340 4)
290 4283 326 4332 ct.
343 4285 475 4334 Hermann.
494 4283 590 4334 Handb.
607 4286 623 4334 l.
640 4287 657 4337 l.
675 4303 699 4352 p.
717 4287 766 4335 318
784 4303 818 4350 eq.

248 4366 272 4425 5)
291 4363 409 4432 Aristoph.
427 4366 505 4418 Sohol.
524 4366 578 4417 Pae.
597 4367 654 4417 419.
673 4365 778 4431 Hesyoh.
795 4383 818 4418 v.
833 4371 918 4419 Διιπόλ.
