3270 5382
903 449 922 520 8

408 666 487 738 νίοις
514 663 669 752 peculiari
697 664 837 752 quadam
869 665 1012 746 ratione,
1043 673 1081 732 ut
1104 689 1179 732 mox
1202 665 1346 755 pluribus
1372 669 1419 732 vi·

363 857 366 862 ,
407 785 567 865 dabimus,
591 785 763 854 obtinebat
798 787 923 876 Magna
947 789 1047 867 enim,
1071 798 1108 854 ut
1135 789 1242 856 Varro
1268 790 1307 856 de
1322 789 1362 856 R.
1378 789 1418 855 R.

406 906 506 986 11‚5
544 907 637 989 dicit,
672 910 821 996 majestas
856 909 969 1002 bovisr
996 909 1048 976 hic
1071 911 1175 976 socius
1197 911 1361 978 hominum
1385 913 1420 976 in

405 1031 526 1096 rustico
562 1053 676 1118 opere,
712 1042 746 1096 et
781 1029 909 1099 Cereris
933 1033 1087 1098 minister.
1133 1030 1189 1100 Ab
1214 1034 1275 1099 hoc
1298 1034 1420 1120 antiqui

406 1175 522 1218 manus
552 1155 597 1219 ita
626 1153 778 1220 abstineri
807 1154 980 1221 voluerunt
1002 1165 1039 1221 ut
1062 1156 1166 1243 capite
1188 1157 1370 1236 sanxerint,
1393 1158 1420 1222 si

409 1276 481 1362 quis
517 1275 699 1354 occidisset3
736 1299 801 1362 qua
827 1279 861 1342 in
885 1300 922 1342 re
945 1277 1034 1344 testis
1057 1276 1187 1357 Attice,
1211 1279 1299 1344 testis
1321 1277 1420 1344 Pelo·

407 1419 576 1485 pounesos.
623 1397 709 1464 Nam
734 1400 774 1465 ab
797 1399 860 1465 hoc
882 1422 998 1486 pecore
1022 1397 1162 1466 Athenis
1184 1400 1337 1488 Buzuges
1358 1424 1419 1466 no-

407 1520 563 1599 bilitatus,
598 1517 700 1608 Argis
734 1519 891 1606 ὀιιόγιρος.
939 1521 1092 1605 Quocum
1123 1523 1219 1610 plane
1247 1524 1419 1603 convenit,

407 1643 518 1709 mortis
541 1665 647 1730 poena
670 1655 821 1732 excepta,
845 1643 975 1711 Aeliau.
999 1645 1041 1713 V.
1065 1643 1110 1711 H.
1134 1646 1179 1726 V,
1198 1647 1241 1711 14
1264 1646 1419 1733 adquam

406 1765 515 1832 locum
551 1765 613 1834 off.
649 1765 727 1832 Intt.
763 1776 796 1831 et
831 1765 902 1833 Cic.
933 1767 973 1832 da
1010 1765 1085 1834 Nat.
1113 1768 1214 1834 Deor.
1238 1767 1290 1848 Π,
1316 1767 1418 1855 631).

455 1886 570 1970 Qualis
588 1889 658 1975 jam
673 1887 746 1954 festi
760 1887 858 1953 fuerit
873 1889 964 1976 origo
980 1899 1013 1955 et
1029 1889 1106 1975 quid
1122 1891 1155 1958 in
1173 1913 1212 1956 eo
1228 1891 1419 1970 obtinuerit,

409 2010 528 2097 optime
563 2019 652 2096 patet
688 2032 727 2075 ex
752 2008 964 2098 descriptione
988 2009 1175 2100 Porphyrii,
1199 2014 1291 2099 eujus
1315 2023 1420 2080 aetate

408 2131 515 2196 adhuc
550 2131 715 2219 agebatur.
762 2130 814 2196 Ita
849 2141 956 2198 autem
988 2155 1058 2198 rem
1093 2136 1242 2220 exponit:
1279 2135 1421 2220 antiqui·

407 2263 460 2318 tus
496 2275 570 2318 cum
609 2251 731 2318 stamus
766 2252 911 2319 homiues
952 2253 1011 2320 diis
1046 2255 1226 2334 offerrent,
1270 2256 1421 2320 animalia

408 2383 517 2440 autem
544 2395 651 2460 neque
673 2375 892 2442 sacrificarent
914 2399 1022 2463 neque
1049 2378 1083 2442 in
1107 2376 1213 2443 eibum
1237 2388 1419 2456 sumerent,

409 2494 488 2560 dum
511 2496 676 2584 publicum
700 2497 863 2584 quoddam
888 2521 1015 2564 sacrum
1038 2498 1177 2565 Athenis
1194 2498 1420 2580 celebraretur,

406 2619 564 2685 Diomum
596 2618 758 2707 quendam
787 2631 843 2686 aut
862 2618 1038 2708 Sopatrum
1060 2620 1169 2687 ferunt
1189 2625 1245 2708 qui
1269 2622 1421 2711 indigena

407 2742 537 2828 quidem
573 2763 639 2808 non
674 2752 744 2808 erat
778 2743 835 2808 sed
865 2767 959 2831 agros
983 2745 1017 2809 iu
1040 2743 1151 2810 Attica
1174 2745 1321 2824 colebat,
1345 2745 1420 2830 quia

405 2863 464 2930 bos
492 2864 532 2930 ab
561 2887 659 2952 opere
683 2865 839 2931 accedens
862 2867 903 2931 ad
927 2887 1070 2931 mansam
1098 2867 1154 2932 ubi
1177 2889 1267 2933 sacra
1290 2865 1419 2950 pulset

406 3001 514 3053 cetera
540 2987 694 3052 libamina
722 2988 861 3072 reposita
889 2999 982 3052 erant
1005 2999 1041 3054 ut
1064 2988 1333 3064 sacrificarentur,
1357 2984 1419 3050 alia

406 3133 446 3174 ex
474 3110 550 3196 ipsis
579 3106 778 3188 comederat,
806 3109 868 3174 alia
892 3108 1114 3187 conculcaret,
1138 3107 1339 3195 indignatum
1364 3129 1417 3172 ac-

406 3233 545 3298 currisse
580 3241 677 3320 atque
713 3253 734 3296 a
767 3231 873 3296 vicino
913 3241 1042 3317 arrepta
1077 3229 1181 3294 securi
1217 3251 1299 3314 quae
1335 3228 1417 3294 forte

405 3355 596 3435 acuebatur,
625 3355 760 3420 bestiam
790 3353 1000 3439 percussisse3
1030 3373 1168 3438 cumque
1199 3351 1255 3417 bos
1279 3373 1319 3416 ex
1346 3352 1417 3417 vul-

404 3499 484 3578 nere
506 3478 678 3541 interiisset
701 3485 734 3539 et
757 3476 825 3560 ipse
848 3475 896 3539 ira
914 3475 982 3560 jam
1008 3474 1118 3540 sedata
1142 3472 1418 3541 animadvertisset

404 3599 499 3686 quale
534 3597 639 3662 scelus
674 3606 907 3683 perpetrasset,
942 3595 1024 3662 bove
1056 3597 1241 3684 sepulturae
1265 3596 1417 3662 mandato

402 3724 508 3809 ipsum
544 3721 634 3806 ajunt
667 3719 849 3786 voluntario
885 3718 979 3785 exilio
1009 3731 1157 3806 suscepto
1182 3720 1222 3785 ob
1246 3719 1416 3806 rmpietatis

402 3844 524 3911 crimen
560 3842 593 3908 iu
626 3839 758 3909 Cretam
782 3841 911 3930 fugisse.
962 3838 1047 3908 Cum
1073 3864 1149 3906 vero
1173 3841 1295 3907 siccitas
1320 3852 1416 3926 atqua

401 3963 477 4030 inde
499 3963 629 4054 frugum
654 3963 802 4030 sterilitas
827 3963 966 4029 maxima
989 3961 1132 4030 Atticam
1149 3963 1331 4039 invasisset,
1355 3986 1415 4050 pu·

397 4143 624 4162 Μὴ

436 4271 460 4328 l)
477 4269 522 4319 Off.
540 4285 610 4334 porro
627 4269 755 4320 haedere
772 4270 881 4328 Cramer,
899 4268 1002 4334 embol.
1019 4271 1074 4320 alit.
1092 4270 1138 4320 2d¹
1155 4267 1208 4317 Vol.
1218 4266 1299 4334 IV,'p.
1311 4268 1413 4331 121sqq.

379 4353 382 4360 '
403 4353 426 4399 at
443 4350 580 4410 Hermann,
598 4349 615 4400 l.
633 4350 649 4400 1.
667 4368 691 4416 p.
711 4351 771 4410 120,
789 4353 833 4400 Na
852 4352 897 4411 20,
915 4355 979 4416 etp.
998 4351 1060 4409 323,
1080 4352 1119 4400 lt.
