3270 5382
703 449 747 513 23

218 678 251 732 et
273 663 403 731 Baccho
426 660 665 752 Melanaegidi‚
687 663 763 751 qui,
788 661 926 728 Athenis
952 661 1085 742 saltem,
1109 664 1142 730 in
1163 685 1231 730 me·

217 788 353 854 moriam
381 787 517 854 fortasse
543 809 673 875 pugnae
692 788 760 873 jam
785 795 1004 866 memoratae,
1028 787 1065 852 iis
1089 785 1150 852 fuit
1174 786 1232 852 ad·

211 911 361 996 junctus3
384 909 521 976 maxime
545 919 653 976 autem
678 910 820 976 omnium
837 908 915 976 Jovi
930 909 1095 988 Phratrio,
1112 909 1235 996 quippe

129 1091 132 1098 2
217 1037 271 1099 cui
293 1034 389 1098 tertio
413 1029 463 1097 die
487 1033 642 1120 imprimis
667 1054 759 1100 sacra
782 1032 906 1100 fierent.
953 1033 1106 1098 Minerva
1123 1041 1232 1097 autem

219 1166 253 1220 et
288 1155 400 1224 Venus
434 1154 597 1242 Apaturia
632 1154 701 1222 aliis
736 1166 907 1243 praeterea
934 1165 1109 1220 occurrunt
1131 1153 1235 1232 locis,

221 1299 294 1342 cum
318 1277 410 1343 simili
434 1277 475 1342 de
498 1273 613 1342 fraude
638 1279 807 1344 commissa
830 1276 940 1344 fabula
964 1277 1171 1363 conjunctae,
1195 1290 1233 1340 ut

220 1420 315 1484 quam
351 1399 392 1464 de
427 1399 533 1464 insula
561 1397 666 1464 Hiera
690 1411 785 1466 antea
811 1396 967 1486 Sphaeria
992 1398 1098 1478 dicta,
1122 1409 1233 1463 narrat

217 1521 358 1587 Pausan.
378 1520 430 1601 ΙΙ,
454 1523 570 1602 33,1,
594 1531 627 1586 et
651 1521 692 1587 dc
715 1521 848 1589 Venere
871 1522 1095 1610 Phanagoriae
1112 1518 1230 1587 Strabo

216 1643 285 1720 XI,
311 1643 395 1722 495,
420 1665 558 1730 quocum
583 1644 631 1712 ΟΕ
648 1643 802 1732 Stephon.
820 1645 860 1711 de
877 1645 957 1712 Urb.
975 1667 1005 1709 v.
1021 1641 1233 1727 Ἀπσίεουρον

217 1777 250 1832 et
273 1765 358 1832 Bibl.
385 1762 483 1832 Coisl.
506 1765 527 1832 l.
542 1767 563 1832 l.
610 1765 713 1855 Apud
736 1780 902 1834 auctorem
926 1767 1011 1832 vitae
1027 1765 1165 1832 Homeri
1179 1764 1232 1828 l.l.

216 1888 256 1953 iis
278 1885 465 1974 adjungitur
488 1899 658 1974 praeterea
680 1889 754 1955 Dea
777 1892 998 1973 κουροτρόφος,
1023 1889 1077 1953 oui
1090 1887 1228 1954 feminae

218 2010 305 2076 solae
329 1995 420 2076 sacra
442 2011 602 2078 faciebant
624 2014 658 2077 in
682 2014 793 2094 trivio,
817 2036 913 2100 quarn
938 2011 1229 2087 commeminisse,

218 2155 285 2198 non
320 2144 368 2198 eat
403 2132 491 2220 quod
526 2133 729 2214 dubitemus,
765 2137 884 2222 quippe
916 2157 999 2222 quae
1029 2134 1100 2196 κατ’
1120 2131 1232 2218 ἐξοχὴν

216 2254 279 2320 hoc
302 2256 432 2322 nomine
456 2255 630 2337 diceretur,
655 2259 731 2323 licet
754 2269 787 2323 et
811 2259 892 2323 aliae
916 2281 955 2322 eo
980 2257 1170 2344 gauderent.

265 2374 424 2457 Quamvis
449 2387 558 2441 autem
580 2378 699 2443 festum
713 2379 827 2460 fuerit,
843 2391 924 2444 teste
942 2376 1048 2446 Schol.
1066 2377 1234 2465 Aristoph.

158 2581 163 2594 ‚
218 2495 362 2563 Acheru.
388 2498 469 2563 146:
494 2498 641 2582 ἐπίσημος
664 2497 848 2584 δημοτελής,
873 2502 925 2567 vel
949 2503 994 2567 sic
1017 2513 1140 2580 tamen,
1158 2500 1231 2566 Xe·

218 2617 392 2704 nophontia
415 2617 526 2684 saltem
556 2630 676 2699 aetate,
705 2617 853 2705 ίκκλησία
876 2635 908 2690 et
931 2620 1028 2710 βουλὴ
1051 2625 1084 2688 in
1108 2645 1147 2688 eo
1171 2622 1230 2688 ha·

217 2739 365 2822 bebatur,
389 2751 426 2808 ut
448 2755 559 2830 patere
582 2743 711 2810 videtur
735 2769 775 2810 ex
796 2748 863 2832 ejus
875 2748 1060 2813 narratione
1072 2745 1231 2814 Hellenio.

215 2862 251 2943 Ι,
276 2867 306 2928 7.
331 2866 374 2929 8:
398 2867 477 2946 μετὰ
505 2863 539 2928 δὲ
562 2866 665 2930 ταῦτα
688 2865 1050 2952 ἐγένετοἈπατοείρια,
1075 2869 1110 2933 ίν
1134 2862 1180 2940 οἷς
1201 2867 1235 2929 σί

214 3008 249 3049 τε
269 2985 402 3070 πατέρες
427 2986 464 3072 (l.
489 2983 651 3072 φράτορες)
674 2989 729 3052 καί
753 2985 784 3051 οἱ
808 2988 968 3070 ξυγγενεῖς
991 2989 1107 3066 ξοίνετσε
1125 2987 1231 3068 σφίσιν

218 3100 334 3176 αὐτοῖς·
356 3105 386 3168 οἱ
405 3097 461 3168 οὖν
481 3104 553 3186 περί
571 3105 628 3170 τὸν
650 3104 838 3188 Θηραμένην
855 3109 1088 3190 παρεσκεύασαν
1103 3106 1230 3190 ἀνθρὼ-

219 3242 297 3292 πους
312 3218 434 3302 μέλανα
451 3223 559 3305 ἱμάτια
578 3220 710 3307 ἔχοντας
729 3223 783 3286 καί
799 3225 833 3288 ἐν
852 3231 914 3310 χρῷ
936 3224 1141 3312 κεκαρμένους
1151 3223 1229 3290 πολ-

219 3333 292 3410 λοείς
316 3339 351 3402 ἐν
370 3341 469 3424 ταοίτη
488 3346 528 3424 τῇ
549 3345 659 3424 ἑορτῇ,
683 3340 741 3407 ίνα
761 3342 837 3426 πρὸς
855 3347 914 3424 τὴν
933 3343 1101 3428 ἐκκλησίαν
1113 3347 1229 3425 ἥκοιεν,

218 3457 261 3530 ὥς
288 3453 326 3538 δὴ
346 3455 506 3535 ξυγγενεῖς
528 3459 616 3531 ὄντες
635 3462 701 3524 τῶν
721 3457 949 3536 ἀπολωλότων,
965 3465 1019 3526 καί
1030 3460 1230 3539 Καλλίξενον

217 3572 347 3638 ἕστασαν
374 3575 410 3638 ἐν
434 3579 474 3658 τῇ
493 3573 593 3660 βουλῇ
616 3585 800 3662 κατηγορεῖν
822 3583 887 3647 τῶν
913 3584 1106 3666 στρατηγῶν.
1155 3581 1231 3648 Sin·

217 3696 323 3785 gulari
358 3693 440 3760 adeo
477 3692 762 3764 Senatusoonsulto
798 3723 878 3787 opus
913 3701 986 3780 fuit,
1023 3713 1060 3766 ut
1095 3700 1232 3768 Senatui

218 3818 454 3906 Apaturiorum
489 3842 586 3884 causa
622 3821 765 3908 quinque
801 3822 926 3888 dierum
964 3825 1087 3889 vacatio
1124 3837 1230 3904 esset,

220 3939 307 4024 quod
330 3941 422 4005 nobis
447 3943 588 4008 servavit
611 3941 733 4008 Athen.
757 3943 820 4023 IV,
846 3947 905 4010 71:
931 3947 982 4010 ἐπὶ
1004 3944 1232 4031 Κηφισοδώρου

218 4063 369 4145 ἄρχοντος
389 4063 501 4135 Φῶκος
521 4055 620 4128 εἶπεν·
644 4065 726 4138 ὅπως
751 4069 832 4148 ἂνή
853 4063 951 4153 βουλὴ
972 4069 1034 4152 ἄγη
1052 4069 1092 4130 τὰ
1115 4069 1231 4132 Ἀπα·

219 4182 329 4260 τοιίρια
355 4183 434 4262 μετὰ
464 4185 530 4246 τῶν
560 4179 668 4248 ἄλλων
702 4183 897 4268 Ἀθηναίων
925 4187 1007 4248 κατὰ
1032 4189 1072 4248 τοὶ
1092 4191 1230 4267 πάτρια,

222 4298 398 4380 ἐψηφίσθαι
419 4305 459 4384 τῇ
481 4295 595 4386 βουλῇ,
625 4301 774 4383 ἀφεῖσθαι
798 4304 868 4377 τούς
889 4302 1057 4390 βουλευτὰς
1082 4309 1137 4378 τὰς
1159 4305 1230 4386 ημέ-
