3270 5382
690 1363 777 1447 DE
820 1359 1133 1448 CRONIIS.

454 1971 665 2040 Philochorus
700 1970 842 2040 Saturno
871 1985 904 2038 et
932 1971 997 2061 Opi
1014 1970 1064 2060 l)‚
1088 1973 1227 2060 primum
1250 1975 1283 2040 in
1307 1974 1419 2042 Attiou

407 2096 556 2162 statuisse
580 2118 670 2162 aram
695 2091 876 2185 Cecropem
900 2095 998 2176 dicit,
1023 2119 1141 2183 eosque
1166 2095 1243 2164 <leus
1258 2120 1318 2184 pro
1333 2097 1419 2166 Jove

408 2232 559 2306 terraque
587 2219 745 2299 coluisse,
774 2219 1011 2305 instituisseque
1034 2230 1072 2284 ut
1095 2230 1203 2306 patres
1226 2220 1420 2288 familiarum

408 2353 444 2406 et
465 2340 613 2428 frugibus
637 2351 670 2405 et
693 2339 851 2406 fructibus
870 2341 939 2427 jem
967 2342 1086 2406 coactis
1109 2343 1230 2429 passim-
1252 2365 1328 2409 oum
1350 2367 1421 2412 ser·

409 2464 460 2532 vis
482 2472 699 2542 vescerentur,
722 2485 798 2529 cum
823 2463 940 2550 quibus
963 2465 1148 2551 patientiam
1171 2466 1291 2534 laboris
1314 2468 1348 2532 in
1365 2490 1420 2533 co-

410 2586 506 2652 lendo
530 2609 606 2652 rure
629 2584 861 2652 toleraverant:
886 2584 1039 2653 delectari
1067 2589 1153 2654 enim
1168 2588 1279 2656 Deum
1299 2589 1421 2656 bonore

408 2731 578 2776 servorum
601 2708 818 2794 contemplatu
842 2708 972 2776 laboris.

454 2828 550 2896 Haeo
583 2829 685 2895 verbe
719 2829 880 2898 Macrobii
915 2829 1046 2899 Saturn.
1074 2831 1108 2911 Ι,
1131 2833 1175 2898 10
1206 2833 1363 2918 originem
1387 2841 1422 2893 et

409 2961 559 3018 naturam
593 2951 707 3018 herum
741 2952 897 3020 feriarum
931 2953 1074 3020 breviter
1107 2954 1198 3018 nobis
1233 2956 1419 3032 exponunt,

409 3074 526 3162 quibus
562 3073 721 3140 secedunt
754 3075 795 3140 L.
823 3074 917 3142 Accii
947 3075 981 3142 in
1004 3074 1171 3142 annalibus
1196 3089 1308 3132 versus
1332 3064 1419 3154 apud

409 3195 571 3276 eundem,
596 3193 676 3284 Cap.
702 3199 745 3262 7:

468 3357 593 3424 Maxima
612 3377 676 3436 pers
697 3359 813 3436 Grnjum
833 3359 954 3417 Saturno
973 3360 1001 3412 et
1021 3350 1140 3410 maxime
1160 3350 1286 3410 Athenae

469 3466 625 3526 Conficiuut
644 3488 736 3538 sucre,
757 3485 827 3544 quac
847 3462 947 3522 Cronia
966 3479 1026 3519 esse
1043 3460 1177 3518 iterantur
1196 3460 1231 3519 ab
1250 3459 1317 3530 illis;

468 3577 594 3655 Cumque
613 3577 687 3636 diem
706 3574 844 3633 celebrant
863 3589 912 3648 per
932 3589 1012 3646 agros
1031 3570 1168 3647 urbesque
1187 3569 1244 3628 fere
1264 3589 1359 3629 omnes

467 3687 604 3745 Exercent
623 3685 718 3764 epulas
737 3682 818 3751 laeti,
838 3679 1010 3757 famulosque
1029 3685 1178 3756 procurant

468 3795 595 3873 Quisque
616 3812 697 3860 suos;
720 3789 862 3868 nostrique
880 3787 993 3858 itidem
1013 3793 1042 3846 et
1059 3807 1120 3846 mos
1140 3787 1260 3848 traditus
1277 3787 1355 3848 illiue

468 3904 539 3975 Iste,
560 3909 592 3962 ut
611 3921 675 3960 cum
697 3897 816 3957 dominis
836 3897 934 3956 tumuli
953 3897 1099 3977 epulentur
1117 3896 1230 3957 ibidem.

409 4055 601 4125 Cavendum
625 4066 733 4120 tamen
755 4052 830 4118 inde
847 4051 887 4118 ab
906 4052 995 4119 initio
1011 4075 1053 4118 ue
1070 4051 1255 4120 Saturnalia
1275 4051 1422 4114 Romana

426 4210 626 4226 ——·-—--——··--⁴

443 4306 468 4361 1)
484 4303 530 4351 Cff.
545 4299 616 4350 rerba
639 4299 723 4350 Suidre
746 4317 770 4353 v.
786 4307 887 4372 uptus,
905 4299 1004 4352 Puusun.
1026 4298 1053 4360 1,
1073 4300 1117 4358 18,
1135 4298 1159 4358 7,
1176 4296 1273 4360 Dionys.
1291 4295 1347 4346 llnl.
1365 4295 1422 4345 snt.

410 4386 480 4434 Rom.
498 4381 554 4444 111,
574 4381 629 4430 129.
