<?xml version="1.0" encoding="UTF-8"?>
<!DOCTYPE html PUBLIC "-//W3C//DTD XHTML 1.0 Transitional//EN"
    "http://www.w3.org/TR/xhtml1/DTD/xhtml1-transitional.dtd">
<html xmlns="http://www.w3.org/1999/xhtml" xml:lang="en" lang="en">
 <head>
  <title>
</title>
<meta http-equiv="Content-Type" content="text/html;charset=utf-8" />
  <meta name='ocr-system' content='tesseract 3.04.00' />
  <meta name='ocr-capabilities' content='ocr_page ocr_carea ocr_par ocr_line ocrx_word'/>
</head>
<body>
  <div class='ocr_page' id='page_1' title='image "./degraecorumdieb00steggoog_0032.png"; bbox 0 0 3270 5382; ppageno 0'>
   <div class='ocr_carea' id='block_1_1' title="bbox 693 446 735 507">
    <p class='ocr_par' dir='ltr' id='par_1_1' title="bbox 693 446 735 507">
     <span class='ocr_line' id='line_1_1' title="bbox 693 446 735 507; baseline -0.024 0"><span class='ocrx_word' id='word_1_1' title='bbox 693 446 735 507; x_wconf 82' lang='grc'><strong>27</strong></span> 
     </span>
    </p>
   </div>
   <div class='ocr_carea' id='block_1_2' title="bbox 209 655 1222 744">
    <p class='ocr_par' dir='ltr' id='par_1_2' title="bbox 209 655 1222 744">
     <span class='ocr_line' id='line_1_2' title="bbox 209 655 1222 744; baseline -0.006 -14"><span class='ocrx_word' id='word_1_2' title='bbox 209 664 360 739; x_wconf 85' lang='lat' dir='ltr'><strong>feminae,</strong></span> <span class='ocrx_word' id='word_1_3' title='bbox 386 659 439 725; x_wconf 89' lang='lat' dir='ltr'><strong>vel</strong></span> <span class='ocrx_word' id='word_1_4' title='bbox 463 660 548 724; x_wconf 87' lang='lat' dir='ltr'><strong>intra</strong></span> <span class='ocrx_word' id='word_1_5' title='bbox 572 679 692 724; x_wconf 87' lang='lat' dir='ltr'><strong>annum</strong></span> <span class='ocrx_word' id='word_1_6' title='bbox 716 655 767 722; x_wconf 88' lang='lat' dir='ltr'><strong>vel</strong></span> <span class='ocrx_word' id='word_1_7' title='bbox 785 667 871 722; x_wconf 84' lang='lat' dir='ltr'><strong>certe</strong></span> <span class='ocrx_word' id='word_1_8' title='bbox 888 667 962 722; x_wconf 88' lang='lat' dir='ltr'><strong>ante</strong></span> <span class='ocrx_word' id='word_1_9' title='bbox 978 659 1107 724; x_wconf 88' lang='lat' dir='ltr'><strong>tertium</strong></span> <span class='ocrx_word' id='word_1_10' title='bbox 1125 681 1222 744; x_wconf 86' lang='lat' dir='ltr'><strong>quar-</strong></span> 
     </span>
    </p>
   </div>
   <div class='ocr_carea' id='block_1_3' title="bbox 200 778 1230 2575">
    <p class='ocr_par' dir='ltr' id='par_1_3' title="bbox 200 778 1230 2575">
     <span class='ocr_line' id='line_1_3' title="bbox 207 778 1222 866; baseline -0.006 -14"><span class='ocrx_word' id='word_1_11' title='bbox 207 800 316 852; x_wconf 85' lang='lat' dir='ltr'><strong>tumve</strong></span> <span class='ocrx_word' id='word_1_12' title='bbox 342 782 455 848; x_wconf 85' lang='lat' dir='ltr'><strong>astatis</strong></span> <span class='ocrx_word' id='word_1_13' title='bbox 479 803 600 846; x_wconf 86' lang='lat' dir='ltr'><strong>annum</strong></span> <span class='ocrx_word' id='word_1_14' title='bbox 616 778 646 866; x_wconf 82' lang='grc'><strong>1)</strong></span> <span class='ocrx_word' id='word_1_15' title='bbox 671 803 690 844; x_wconf 87' lang='lat' dir='ltr'><strong>a</strong></span> <span class='ocrx_word' id='word_1_16' title='bbox 713 778 875 865; x_wconf 86' lang='lat' dir='ltr'><strong>patribus,</strong></span> <span class='ocrx_word' id='word_1_17' title='bbox 902 781 968 845; x_wconf 80' lang='lat' dir='ltr'><strong>sive</strong></span> <span class='ocrx_word' id='word_1_18' title='bbox 992 779 1040 844; x_wconf 90' lang='lat' dir='ltr'><strong>his</strong></span> <span class='ocrx_word' id='word_1_19' title='bbox 1065 779 1222 846; x_wconf 85' lang='lat' dir='ltr'><strong>defunctis</strong></span> 
     </span>
     <span class='ocr_line' id='line_1_4' title="bbox 208 901 1230 989; baseline -0.002 -19"><span class='ocrx_word' id='word_1_20' title='bbox 208 907 259 973; x_wconf 84' lang='lat' dir='ltr'><strong>vel</strong></span> <span class='ocrx_word' id='word_1_21' title='bbox 297 903 499 982; x_wconf 81' lang='lat' dir='ltr'><strong>absentibus,</strong></span> <span class='ocrx_word' id='word_1_22' title='bbox 535 924 555 968; x_wconf 87' lang='lat' dir='ltr'><strong>a</strong></span> <span class='ocrx_word' id='word_1_23' title='bbox 589 901 742 988; x_wconf 87' lang='lat' dir='ltr'><strong>proximis</strong></span> <span class='ocrx_word' id='word_1_24' title='bbox 772 903 919 989; x_wconf 86' lang='lat' dir='ltr'><strong>agnatis,</strong></span> <span class='ocrx_word' id='word_1_25' title='bbox 943 902 1061 984; x_wconf 79' lang='grc' dir='ltr'><strong><em>κυρίοις</em></strong></span> <span class='ocrx_word' id='word_1_26' title='bbox 1084 903 1230 989; x_wconf 79' lang='lat' dir='ltr'><strong>denique</strong></span> 
     </span>
     <span class='ocr_line' id='line_1_5' title="bbox 208 1024 1222 1112; baseline -0.006 -17"><span class='ocrx_word' id='word_1_27' title='bbox 208 1031 297 1107; x_wconf 88' lang='lat' dir='ltr'><strong>suis,</strong></span> <span class='ocrx_word' id='word_1_28' title='bbox 322 1027 357 1091; x_wconf 92' lang='lat' dir='ltr'><strong>in</strong></span> <span class='ocrx_word' id='word_1_29' title='bbox 381 1047 517 1112; x_wconf 91' lang='lat' dir='ltr'><strong>quorum</strong></span> <span class='ocrx_word' id='word_1_30' title='bbox 541 1032 700 1111; x_wconf 82' lang='lat' dir='ltr'><strong>potestate</strong></span> <span class='ocrx_word' id='word_1_31' title='bbox 725 1033 833 1102; x_wconf 88' lang='lat' dir='ltr'><strong>erant,</strong></span> <span class='ocrx_word' id='word_1_32' title='bbox 858 1024 891 1088; x_wconf 89' lang='lat' dir='ltr'><strong>in</strong></span> <span class='ocrx_word' id='word_1_33' title='bbox 915 1024 1091 1111; x_wconf 88' lang='lat' dir='ltr'><strong>phratriam</strong></span> <span class='ocrx_word' id='word_1_34' title='bbox 1114 1036 1222 1112; x_wconf 91' lang='lat' dir='ltr'><strong>pater-</strong></span> 
     </span>
     <span class='ocr_line' id='line_1_6' title="bbox 207 1145 1223 1233; baseline -0.008 -15"><span class='ocrx_word' id='word_1_35' title='bbox 207 1175 283 1218; x_wconf 85' lang='lat' dir='ltr'><strong>nam</strong></span> <span class='ocrx_word' id='word_1_36' title='bbox 314 1145 494 1226; x_wconf 79' lang='lat' dir='ltr'><strong>introduci,</strong></span> <span class='ocrx_word' id='word_1_37' title='bbox 529 1156 568 1212; x_wconf 92' lang='lat' dir='ltr'><strong>ut</strong></span> <span class='ocrx_word' id='word_1_38' title='bbox 603 1165 719 1232; x_wconf 84' lang='lat' dir='ltr'><strong>nempe</strong></span> <span class='ocrx_word' id='word_1_39' title='bbox 755 1145 801 1210; x_wconf 87' lang='lat' dir='ltr'><strong>ita</strong></span> <span class='ocrx_word' id='word_1_40' title='bbox 837 1145 922 1232; x_wconf 85' lang='lat' dir='ltr'><strong>qnod</strong></span> <span class='ocrx_word' id='word_1_41' title='bbox 951 1147 1073 1233; x_wconf 78' lang='lat' dir='ltr'><strong>antiqui</strong></span> <span class='ocrx_word' id='word_1_42' title='bbox 1105 1157 1223 1211; x_wconf 85' lang='lat' dir='ltr'><strong>vocant</strong></span> 
     </span>
     <span class='ocr_line' id='line_1_7' title="bbox 210 1267 1223 1355; baseline -0.002 -21"><span class='ocrx_word' id='word_1_43' title='bbox 210 1270 372 1355; x_wconf 71' lang='grc' dir='ltr'><strong>ἱερῶνκαὶ</strong></span> <span class='ocrx_word' id='word_1_44' title='bbox 391 1269 486 1336; x_wconf 76' lang='grc' dir='ltr'>ὁσίων</span> <span class='ocrx_word' id='word_1_45' title='bbox 506 1267 686 1353; x_wconf 76' lang='grc' dir='ltr'><strong><em>ἀγχιστείας</em></strong></span> <span class='ocrx_word' id='word_1_46' title='bbox 707 1267 878 1354; x_wconf 81' lang='lat' dir='ltr'><strong>participes</strong></span> <span class='ocrx_word' id='word_1_47' title='bbox 897 1268 1030 1349; x_wconf 87' lang='lat' dir='ltr'><strong>fierent,</strong></span> <span class='ocrx_word' id='word_1_48' title='bbox 1046 1291 1129 1354; x_wconf 88' lang='lat' dir='ltr'><strong>quae</strong></span> <span class='ocrx_word' id='word_1_49' title='bbox 1146 1268 1223 1355; x_wconf 78' lang='lat' dir='ltr'><strong>quid</strong></span> 
     </span>
     <span class='ocr_line' id='line_1_8' title="bbox 207 1385 1222 1477; baseline -0.004 -20"><span class='ocrx_word' id='word_1_50' title='bbox 207 1391 305 1457; x_wconf 83' lang='lat' dir='ltr'><strong>fuerit</strong></span> <span class='ocrx_word' id='word_1_51' title='bbox 339 1411 380 1454; x_wconf 85' lang='lat' dir='ltr'><strong>ex</strong></span> <span class='ocrx_word' id='word_1_52' title='bbox 410 1389 496 1475; x_wconf 89' lang='lat' dir='ltr'><strong>juris</strong></span> <span class='ocrx_word' id='word_1_53' title='bbox 524 1385 628 1453; x_wconf 86' lang='lat' dir='ltr'><strong>Attici</strong></span> <span class='ocrx_word' id='word_1_54' title='bbox 656 1388 840 1476; x_wconf 82' lang='lat' dir='ltr'><strong>principiis,</strong></span> <span class='ocrx_word' id='word_1_55' title='bbox 864 1389 1011 1477; x_wconf 87' lang='lat' dir='ltr'><strong>pluribus</strong></span> <span class='ocrx_word' id='word_1_56' title='bbox 1034 1391 1067 1455; x_wconf 92' lang='lat' dir='ltr'><strong>in</strong></span> <span class='ocrx_word' id='word_1_57' title='bbox 1088 1391 1222 1456; x_wconf 87' lang='lat' dir='ltr'><strong>Dissert.</strong></span> 
     </span>
     <span class='ocr_line' id='line_1_9' title="bbox 206 1509 1224 1599; baseline 0 -22"><span class='ocrx_word' id='word_1_58' title='bbox 206 1511 291 1578; x_wconf 81' lang='lat' dir='ltr'><strong>laud.</strong></span> <span class='ocrx_word' id='word_1_59' title='bbox 320 1535 352 1599; x_wconf 89' lang='lat' dir='ltr'><strong>p.</strong></span> <span class='ocrx_word' id='word_1_60' title='bbox 377 1511 420 1577; x_wconf 87' lang='lat'><strong>56</strong></span> <span class='ocrx_word' id='word_1_61' title='bbox 446 1533 514 1596; x_wconf 89' lang='lat' dir='ltr'><strong>sqq.</strong></span> <span class='ocrx_word' id='word_1_62' title='bbox 546 1509 707 1597; x_wconf 85' lang='lat' dir='ltr'><strong>explicare</strong></span> <span class='ocrx_word' id='word_1_63' title='bbox 738 1535 808 1576; x_wconf 91' lang='lat' dir='ltr'><strong>sum</strong></span> <span class='ocrx_word' id='word_1_64' title='bbox 838 1521 981 1578; x_wconf 89' lang='lat' dir='ltr'><strong>conatus.</strong></span> <span class='ocrx_word' id='word_1_65' title='bbox 1028 1511 1141 1578; x_wconf 87' lang='lat' dir='ltr'><strong>Verbo</strong></span> <span class='ocrx_word' id='word_1_66' title='bbox 1170 1511 1224 1577; x_wconf 88' lang='lat' dir='ltr'><strong>bic</strong></span> 
     </span>
     <span class='ocr_line' id='line_1_10' title="bbox 205 1631 1222 1721; baseline -0.002 -22"><span class='ocrx_word' id='word_1_67' title='bbox 205 1634 370 1700; x_wconf 87' lang='lat' dir='ltr'><strong>monuisse</strong></span> <span class='ocrx_word' id='word_1_68' title='bbox 392 1631 547 1712; x_wconf 87' lang='lat' dir='ltr'><strong>sufficiat,</strong></span> <span class='ocrx_word' id='word_1_69' title='bbox 572 1655 643 1698; x_wconf 88' lang='lat' dir='ltr'><strong>eam</strong></span> <span class='ocrx_word' id='word_1_70' title='bbox 668 1632 710 1698; x_wconf 88' lang='lat' dir='ltr'><strong>ad</strong></span> <span class='ocrx_word' id='word_1_71' title='bbox 734 1633 934 1721; x_wconf 82' lang='lat' dir='ltr'><strong>cognationis</strong></span> <span class='ocrx_word' id='word_1_72' title='bbox 955 1643 989 1700; x_wconf 88' lang='lat' dir='ltr'><strong>et</strong></span> <span class='ocrx_word' id='word_1_73' title='bbox 1009 1633 1222 1700; x_wconf 81' lang='lat' dir='ltr'><strong>successionis</strong></span> 
     </span>
     <span class='ocr_line' id='line_1_11' title="bbox 205 1755 1222 1844; baseline 0.001 -23"><span class='ocrx_word' id='word_1_74' title='bbox 205 1758 240 1821; x_wconf 91' lang='lat' dir='ltr'><strong>in</strong></span> <span class='ocrx_word' id='word_1_75' title='bbox 264 1757 352 1820; x_wconf 89' lang='lat' dir='ltr'><strong>bona</strong></span> <span class='ocrx_word' id='word_1_76' title='bbox 376 1764 566 1842; x_wconf 78' lang='lat' dir='ltr'><strong>agnatorum</strong></span> <span class='ocrx_word' id='word_1_77' title='bbox 591 1765 623 1820; x_wconf 89' lang='lat' dir='ltr'><strong>et</strong></span> <span class='ocrx_word' id='word_1_78' title='bbox 647 1755 814 1820; x_wconf 85' lang='lat' dir='ltr'><strong>curialium</strong></span> <span class='ocrx_word' id='word_1_79' title='bbox 839 1777 1003 1822; x_wconf 85' lang='lat' dir='ltr'><strong>sacrorum</strong></span> <span class='ocrx_word' id='word_1_80' title='bbox 1022 1757 1099 1842; x_wconf 86' lang='lat' dir='ltr'><strong>jura</strong></span> <span class='ocrx_word' id='word_1_81' title='bbox 1122 1758 1222 1844; x_wconf 91' lang='lat' dir='ltr'><strong>potis-</strong></span> 
     </span>
     <span class='ocr_line' id='line_1_12' title="bbox 207 1875 1223 1963; baseline 0.001 -20"><span class='ocrx_word' id='word_1_82' title='bbox 207 1880 326 1943; x_wconf 87' lang='lat' dir='ltr'><strong>simum</strong></span> <span class='ocrx_word' id='word_1_83' title='bbox 350 1875 557 1962; x_wconf 86' lang='lat' dir='ltr'><strong>pertinuisse,</strong></span> <span class='ocrx_word' id='word_1_84' title='bbox 582 1887 615 1942; x_wconf 85' lang='lat' dir='ltr'><strong>et</strong></span> <span class='ocrx_word' id='word_1_85' title='bbox 638 1878 683 1942; x_wconf 87' lang='lat' dir='ltr'><strong>ita</strong></span> <span class='ocrx_word' id='word_1_86' title='bbox 706 1877 739 1942; x_wconf 90' lang='lat' dir='ltr'><strong>in</strong></span> <span class='ocrx_word' id='word_1_87' title='bbox 764 1879 851 1942; x_wconf 88' lang='lat' dir='ltr'><strong>omni</strong></span> <span class='ocrx_word' id='word_1_88' title='bbox 874 1877 945 1963; x_wconf 86' lang='lat' dir='ltr'><strong>jure</strong></span> <span class='ocrx_word' id='word_1_89' title='bbox 970 1878 1054 1944; x_wconf 89' lang='lat' dir='ltr'><strong>civili</strong></span> <span class='ocrx_word' id='word_1_90' title='bbox 1077 1889 1110 1943; x_wconf 85' lang='lat' dir='ltr'><strong>et</strong></span> <span class='ocrx_word' id='word_1_91' title='bbox 1131 1901 1223 1944; x_wconf 86' lang='lat' dir='ltr'><strong>sacro</strong></span> 
     </span>
     <span class='ocr_line' id='line_1_13' title="bbox 208 1997 1223 2086; baseline 0.001 -23"><span class='ocrx_word' id='word_1_92' title='bbox 208 1999 340 2086; x_wconf 84' lang='lat' dir='ltr'><strong>plurimi</strong></span> <span class='ocrx_word' id='word_1_93' title='bbox 374 1998 471 2065; x_wconf 81' lang='lat' dir='ltr'><strong>fuisse</strong></span> <span class='ocrx_word' id='word_1_94' title='bbox 507 2001 669 2064; x_wconf 90' lang='lat' dir='ltr'><strong>momenti.</strong></span> <span class='ocrx_word' id='word_1_95' title='bbox 718 1997 825 2080; x_wconf 78' lang='lat' dir='ltr'><strong>Quem</strong></span> <span class='ocrx_word' id='word_1_96' title='bbox 855 2002 941 2066; x_wconf 88' lang='lat' dir='ltr'><strong>enim</strong></span> <span class='ocrx_word' id='word_1_97' title='bbox 969 2021 1034 2064; x_wconf 90' lang='lat' dir='ltr'><strong>non</strong></span> <span class='ocrx_word' id='word_1_98' title='bbox 1064 2001 1109 2064; x_wconf 87' lang='lat' dir='ltr'><strong>ita</strong></span> <span class='ocrx_word' id='word_1_99' title='bbox 1132 2021 1223 2065; x_wconf 92' lang='lat' dir='ltr'><strong>more</strong></span> 
     </span>
     <span class='ocr_line' id='line_1_14' title="bbox 210 2119 1222 2208; baseline 0.001 -22"><span class='ocrx_word' id='word_1_100' title='bbox 210 2120 343 2186; x_wconf 86' lang='lat' dir='ltr'><strong>solemni</strong></span> <span class='ocrx_word' id='word_1_101' title='bbox 378 2119 605 2186; x_wconf 83' lang='lat' dir='ltr'><strong>introduxisset</strong></span> <span class='ocrx_word' id='word_1_102' title='bbox 627 2134 720 2208; x_wconf 85' lang='lat' dir='ltr'><strong>pater</strong></span> <span class='ocrx_word' id='word_1_103' title='bbox 748 2123 798 2186; x_wconf 92' lang='lat' dir='ltr'><strong>vel</strong></span> <span class='ocrx_word' id='word_1_104' title='bbox 830 2125 945 2205; x_wconf 65' lang='lat' dir='ltr'><strong>sciptor,</strong></span> <span class='ocrx_word' id='word_1_105' title='bbox 975 2143 1049 2186; x_wconf 90' lang='lat' dir='ltr'><strong>eum</strong></span> <span class='ocrx_word' id='word_1_106' title='bbox 1077 2123 1222 2208; x_wconf 91' lang='lat' dir='ltr'><strong>spurium</strong></span> 
     </span>
     <span class='ocr_line' id='line_1_15' title="bbox 200 2242 1222 2332; baseline 0.002 -25"><span class='ocrx_word' id='word_1_107' title='bbox 200 2243 362 2328; x_wconf 87' lang='lat' dir='ltr'><strong>judicasse</strong></span> <span class='ocrx_word' id='word_1_108' title='bbox 385 2242 564 2321; x_wconf 85' lang='lat' dir='ltr'><strong>videbatur,</strong></span> <span class='ocrx_word' id='word_1_109' title='bbox 589 2267 689 2330; x_wconf 89' lang='lat' dir='ltr'><strong>quare</strong></span> <span class='ocrx_word' id='word_1_110' title='bbox 714 2245 800 2332; x_wconf 87' lang='lat' dir='ltr'><strong>apud</strong></span> <span class='ocrx_word' id='word_1_111' title='bbox 826 2243 984 2312; x_wconf 86' lang='lat' dir='ltr'><strong>Oratores</strong></span> <span class='ocrx_word' id='word_1_112' title='bbox 1008 2245 1122 2310; x_wconf 86' lang='lat' dir='ltr'><strong>atticos</strong></span> <span class='ocrx_word' id='word_1_113' title='bbox 1147 2243 1222 2332; x_wconf 87' lang='lat' dir='ltr'><strong>piu·</strong></span> 
     </span>
     <span class='ocr_line' id='line_1_16' title="bbox 205 2365 1223 2454; baseline 0.002 -24"><span class='ocrx_word' id='word_1_114' title='bbox 205 2367 287 2431; x_wconf 86' lang='lat' dir='ltr'><strong>rima</strong></span> <span class='ocrx_word' id='word_1_115' title='bbox 311 2389 351 2430; x_wconf 87' lang='lat' dir='ltr'><strong>ex</strong></span> <span class='ocrx_word' id='word_1_116' title='bbox 375 2365 436 2430; x_wconf 87' lang='lat' dir='ltr'><strong>hac</strong></span> <span class='ocrx_word' id='word_1_117' title='bbox 460 2367 492 2428; x_wconf 90' lang='lat' dir='ltr'><strong>in</strong></span> <span class='ocrx_word' id='word_1_118' title='bbox 516 2366 674 2451; x_wconf 82' lang='lat' dir='ltr'><strong>phratrias</strong></span> <span class='ocrx_word' id='word_1_119' title='bbox 699 2367 938 2433; x_wconf 77' lang='lat' dir='ltr'><strong>introductIone</strong></span> <span class='ocrx_word' id='word_1_120' title='bbox 962 2368 1135 2454; x_wconf 84' lang='lat' dir='ltr'><strong>genuitatis</strong></span> <span class='ocrx_word' id='word_1_121' title='bbox 1164 2367 1223 2432; x_wconf 87' lang='lat' dir='ltr'><strong>do·</strong></span> 
     </span>
     <span class='ocr_line' id='line_1_17' title="bbox 208 2483 1222 2575; baseline 0.002 -23"><span class='ocrx_word' id='word_1_122' title='bbox 208 2497 357 2552; x_wconf 82' lang='lat' dir='ltr'><strong>cementa</strong></span> <span class='ocrx_word' id='word_1_123' title='bbox 373 2487 475 2574; x_wconf 87' lang='lat' dir='ltr'><strong>petita</strong></span> <span class='ocrx_word' id='word_1_124' title='bbox 490 2483 637 2550; x_wconf 87' lang='lat' dir='ltr'><strong>videmus</strong></span> <span class='ocrx_word' id='word_1_125' title='bbox 653 2485 684 2570; x_wconf 67' lang='grc'><strong>2)</strong></span> <span class='ocrx_word' id='word_1_126' title='bbox 708 2499 741 2552; x_wconf 88' lang='lat' dir='ltr'><strong>et</strong></span> <span class='ocrx_word' id='word_1_127' title='bbox 758 2485 871 2552; x_wconf 86' lang='lat' dir='ltr'><strong>festive</strong></span> <span class='ocrx_word' id='word_1_128' title='bbox 888 2486 1123 2575; x_wconf 87' lang='lat' dir='ltr'><strong>Aristophanes</strong></span> <span class='ocrx_word' id='word_1_129' title='bbox 1140 2488 1222 2554; x_wconf 88' lang='lat' dir='ltr'><strong>ludit</strong></span> 
     </span>
    </p>
   </div>
   <div class='ocr_carea' id='block_1_4' title="bbox 290 2669 978 2878">
    <p class='ocr_par' dir='ltr' id='par_1_4' title="bbox 290 2669 978 2878">
     <span class='ocr_line' id='line_1_18' title="bbox 631 2669 852 2758; baseline 0.005 -23"><span class='ocrx_word' id='word_1_130' title='bbox 631 2669 852 2758; x_wconf 72' lang='grc' dir='ltr'><strong>Ἀρχέδημον,</strong></span> 
     </span>
     <span class='ocr_line' id='line_1_19' title="bbox 290 2787 978 2878; baseline 0.006 -24"><span class='ocrx_word' id='word_1_131' title='bbox 290 2793 323 2866; x_wconf 74' lang='grc' dir='ltr'><strong>ὃς</strong></span> <span class='ocrx_word' id='word_1_132' title='bbox 347 2789 478 2874; x_wconf 79' lang='grc' dir='ltr'><em>ἑπτέτης</em></span> <span class='ocrx_word' id='word_1_133' title='bbox 501 2787 547 2854; x_wconf 78' lang='grc' dir='ltr'><strong>ὧν</strong></span> <span class='ocrx_word' id='word_1_134' title='bbox 571 2789 627 2854; x_wconf 81' lang='grc' dir='ltr'><strong>οὐκ</strong></span> <span class='ocrx_word' id='word_1_135' title='bbox 651 2789 740 2871; x_wconf 74' lang='grc' dir='ltr'><strong>ἔφυσε</strong></span> <span class='ocrx_word' id='word_1_136' title='bbox 764 2797 920 2878; x_wconf 75' lang='grc' dir='ltr'><strong><em>φράτορας</em></strong></span> <span class='ocrx_word' id='word_1_137' title='bbox 936 2792 978 2875; x_wconf 82' lang='lat'><strong>3).</strong></span> 
     </span>
    </p>
   </div>
   <div class='ocr_carea' id='block_1_5' title="bbox 203 2971 1223 3425">
    <p class='ocr_par' dir='ltr' id='par_1_5' title="bbox 203 2971 1223 3425">
     <span class='ocr_line' id='line_1_20' title="bbox 203 2971 1223 3062; baseline 0.002 -21"><span class='ocrx_word' id='word_1_138' title='bbox 203 2976 305 3042; x_wconf 86' lang='lat' dir='ltr'><strong>Pater</strong></span> <span class='ocrx_word' id='word_1_139' title='bbox 329 2974 410 3040; x_wconf 87' lang='lat' dir='ltr'><strong>adeo</strong></span> <span class='ocrx_word' id='word_1_140' title='bbox 435 2974 461 3038; x_wconf 88' lang='lat' dir='ltr'><strong>si</strong></span> <span class='ocrx_word' id='word_1_141' title='bbox 486 2971 560 3036; x_wconf 83' lang='lat' dir='ltr'><strong>doio</strong></span> <span class='ocrx_word' id='word_1_142' title='bbox 585 2975 668 3039; x_wconf 87' lang='lat' dir='ltr'><strong>maio</strong></span> <span class='ocrx_word' id='word_1_143' title='bbox 693 2974 852 3062; x_wconf 80' lang='lat' dir='ltr'><strong>legitimos</strong></span> <span class='ocrx_word' id='word_1_144' title='bbox 876 2976 994 3043; x_wconf 79' lang='lat' dir='ltr'><strong>liberos</strong></span> <span class='ocrx_word' id='word_1_145' title='bbox 1014 2977 1223 3044; x_wconf 87' lang='lat' dir='ltr'><strong>introducere</strong></span> 
     </span>
     <span class='ocr_line' id='line_1_21' title="bbox 206 3094 1221 3187; baseline 0.011 -32"><span class='ocrx_word' id='word_1_146' title='bbox 206 3094 316 3173; x_wconf 86' lang='lat' dir='ltr'><strong>nollet,</strong></span> <span class='ocrx_word' id='word_1_147' title='bbox 339 3095 379 3161; x_wconf 85' lang='lat' dir='ltr'><strong>ab</strong></span> <span class='ocrx_word' id='word_1_148' title='bbox 403 3095 451 3160; x_wconf 90' lang='lat' dir='ltr'><strong>his</strong></span> <span class='ocrx_word' id='word_1_149' title='bbox 475 3094 527 3160; x_wconf 89' lang='lat' dir='ltr'><strong>vel</strong></span> <span class='ocrx_word' id='word_1_150' title='bbox 552 3115 664 3160; x_wconf 88' lang='lat' dir='ltr'><strong>eorum</strong></span> <span class='ocrx_word' id='word_1_151' title='bbox 689 3098 818 3161; x_wconf 87' lang='lat' dir='ltr'><strong>nomine</strong></span> <span class='ocrx_word' id='word_1_152' title='bbox 843 3121 862 3162; x_wconf 88' lang='lat' dir='ltr'><strong>a</strong></span> <span class='ocrx_word' id='word_1_153' title='bbox 884 3111 1094 3186; x_wconf 83' lang='lat' dir='ltr'><strong>cognatorum</strong></span> <span class='ocrx_word' id='word_1_154' title='bbox 1115 3101 1221 3187; x_wconf 88' lang='lat' dir='ltr'><strong>aliquo</strong></span> 
     </span>
     <span class='ocr_line' id='line_1_22' title="bbox 207 3216 1223 3308; baseline 0.01 -30"><span class='ocrx_word' id='word_1_155' title='bbox 207 3235 247 3278; x_wconf 90' lang='lat' dir='ltr'><strong>eo</strong></span> <span class='ocrx_word' id='word_1_156' title='bbox 272 3216 343 3299; x_wconf 84' lang='lat' dir='ltr'><strong>cogi</strong></span> <span class='ocrx_word' id='word_1_157' title='bbox 366 3219 491 3300; x_wconf 89' lang='lat' dir='ltr'><strong>potuit,</strong></span> <span class='ocrx_word' id='word_1_158' title='bbox 521 3228 558 3281; x_wconf 93' lang='lat' dir='ltr'><strong>ut</strong></span> <span class='ocrx_word' id='word_1_159' title='bbox 584 3237 624 3280; x_wconf 87' lang='lat' dir='ltr'><strong>ex</strong></span> <span class='ocrx_word' id='word_1_160' title='bbox 648 3217 847 3282; x_wconf 88' lang='lat' dir='ltr'><strong>memorabili</strong></span> <span class='ocrx_word' id='word_1_161' title='bbox 872 3222 1019 3308; x_wconf 85' lang='lat' dir='ltr'><strong>exemplo</strong></span> <span class='ocrx_word' id='word_1_162' title='bbox 1043 3223 1223 3290; x_wconf 85' lang='lat' dir='ltr'><strong>Andocidis</strong></span> 
     </span>
     <span class='ocr_line' id='line_1_23' title="bbox 207 3333 656 3425; baseline -0.002 -23"><span class='ocrx_word' id='word_1_163' title='bbox 207 3335 249 3402; x_wconf 87' lang='lat' dir='ltr'><strong>de</strong></span> <span class='ocrx_word' id='word_1_164' title='bbox 272 3333 409 3421; x_wconf 79' lang='lat' dir='ltr'><strong>Mysten</strong></span> <span class='ocrx_word' id='word_1_165' title='bbox 433 3360 463 3422; x_wconf 88' lang='lat' dir='ltr'><strong>p.</strong></span> <span class='ocrx_word' id='word_1_166' title='bbox 489 3340 533 3404; x_wconf 86' lang='grc'><strong>62</strong></span> <span class='ocrx_word' id='word_1_167' title='bbox 558 3348 656 3425; x_wconf 89' lang='lat' dir='ltr'><strong>patet.</strong></span> 
     </span>
    </p>
   </div>
   <div class='ocr_carea' id='block_1_6' title="bbox 214 3523 433 3534">
    <p class='ocr_par' dir='ltr' id='par_1_6' title="bbox 214 3523 433 3534">
     <span class='ocr_line' id='line_1_24' title="bbox 214 3523 433 3534; baseline -0.005 -2"><span class='ocrx_word' id='word_1_168' title='bbox 214 3523 433 3534; x_wconf 76' lang='lat'><strong>.-....-----·-</strong></span> 
     </span>
    </p>
   </div>
   <div class='ocr_carea' id='block_1_7' title="bbox 205 3624 1224 4409">
    <p class='ocr_par' dir='ltr' id='par_1_7' title="bbox 240 3624 1119 3701">
     <span class='ocr_line' id='line_1_25' title="bbox 240 3624 1119 3701; baseline 0.007 -25"><span class='ocrx_word' id='word_1_169' title='bbox 240 3629 264 3688; x_wconf 85' lang='lat'><strong>1)</strong></span> <span class='ocrx_word' id='word_1_170' title='bbox 281 3625 378 3676; x_wconf 90' lang='lat' dir='ltr'><strong>Proclus</strong></span> <span class='ocrx_word' id='word_1_171' title='bbox 393 3626 422 3675; x_wconf 85' lang='lat' dir='ltr'><strong>ad</strong></span> <span class='ocrx_word' id='word_1_172' title='bbox 439 3624 531 3675; x_wconf 79' lang='lat' dir='ltr'><strong>Platon.</strong></span> <span class='ocrx_word' id='word_1_173' title='bbox 548 3625 678 3685; x_wconf 73' lang='lat' dir='ltr'><strong>timaeum,</strong></span> <span class='ocrx_word' id='word_1_174' title='bbox 696 3627 713 3677; x_wconf 90' lang='lat' dir='ltr'><strong>l.</strong></span> <span class='ocrx_word' id='word_1_175' title='bbox 727 3627 743 3678; x_wconf 92' lang='lat' dir='ltr'><strong>l.</strong></span> <span class='ocrx_word' id='word_1_176' title='bbox 760 3627 863 3692; x_wconf 83' lang='lat' dir='ltr'><strong>Etymol.</strong></span> <span class='ocrx_word' id='word_1_177' title='bbox 881 3631 918 3679; x_wconf 93' lang='lat' dir='ltr'><strong>M.</strong></span> <span class='ocrx_word' id='word_1_178' title='bbox 933 3647 955 3680; x_wconf 88' lang='lat' dir='ltr'><strong>v.</strong></span> <span class='ocrx_word' id='word_1_179' title='bbox 971 3629 1119 3701; x_wconf 62' lang='grc' dir='ltr'><strong>Ἀπατούρια.</strong></span> 
     </span>
    </p>

    <p class='ocr_par' dir='ltr' id='par_1_8' title="bbox 205 3707 1224 4336">
     <span class='ocr_line' id='line_1_26' title="bbox 239 3707 1224 3775; baseline 0.002 -18"><span class='ocrx_word' id='word_1_180' title='bbox 239 3709 264 3768; x_wconf 87' lang='grc'><strong>2)</strong></span> <span class='ocrx_word' id='word_1_181' title='bbox 282 3707 352 3756; x_wconf 77' lang='lat' dir='ltr'><strong>vide.</strong></span> <span class='ocrx_word' id='word_1_182' title='bbox 378 3723 399 3756; x_wconf 88' lang='lat' dir='ltr'><strong>e.</strong></span> <span class='ocrx_word' id='word_1_183' title='bbox 421 3723 445 3772; x_wconf 81' lang='lat' dir='ltr'><strong>g.</strong></span> <span class='ocrx_word' id='word_1_184' title='bbox 469 3707 564 3766; x_wconf 70' lang='lat' dir='ltr'><strong>tuens,</strong></span> <span class='ocrx_word' id='word_1_185' title='bbox 590 3707 618 3756; x_wconf 86' lang='lat' dir='ltr'><strong>de</strong></span> <span class='ocrx_word' id='word_1_186' title='bbox 642 3709 729 3772; x_wconf 80' lang='lat' dir='ltr'><strong>Pyrrhi</strong></span> <span class='ocrx_word' id='word_1_187' title='bbox 745 3709 843 3758; x_wconf 87' lang='lat' dir='ltr'><strong>heredit.</strong></span> <span class='ocrx_word' id='word_1_188' title='bbox 860 3725 885 3774; x_wconf 88' lang='lat' dir='ltr'><strong>p.</strong></span> <span class='ocrx_word' id='word_1_189' title='bbox 902 3711 948 3768; x_wconf 84' lang='grc'><strong>40,</strong></span> <span class='ocrx_word' id='word_1_190' title='bbox 968 3712 997 3760; x_wconf 90' lang='grc'><strong>61</strong></span> <span class='ocrx_word' id='word_1_191' title='bbox 1013 3727 1048 3775; x_wconf 92' lang='lat' dir='ltr'><strong>sq.</strong></span> <span class='ocrx_word' id='word_1_192' title='bbox 1067 3713 1112 3770; x_wconf 93' lang='lat'><strong>66,</strong></span> <span class='ocrx_word' id='word_1_193' title='bbox 1131 3711 1175 3770; x_wconf 83' lang='lat'><strong>68,</strong></span> <span class='ocrx_word' id='word_1_194' title='bbox 1193 3711 1224 3760; x_wconf 90' lang='lat' dir='ltr'><strong>de</strong></span> 
     </span>
     <span class='ocr_line' id='line_1_27' title="bbox 205 3787 1220 3856; baseline 0.008 -20"><span class='ocrx_word' id='word_1_195' title='bbox 205 3787 306 3838; x_wconf 88' lang='lat' dir='ltr'><strong>Philoot.</strong></span> <span class='ocrx_word' id='word_1_196' title='bbox 323 3788 421 3837; x_wconf 79' lang='lat' dir='ltr'><strong>herodii.</strong></span> <span class='ocrx_word' id='word_1_197' title='bbox 435 3805 459 3854; x_wconf 92' lang='lat' dir='ltr'><strong>p.</strong></span> <span class='ocrx_word' id='word_1_198' title='bbox 478 3789 539 3848; x_wconf 88' lang='grc'><strong>125,</strong></span> <span class='ocrx_word' id='word_1_199' title='bbox 558 3789 606 3838; x_wconf 88' lang='grc'><strong>136</strong></span> <span class='ocrx_word' id='word_1_200' title='bbox 623 3805 657 3853; x_wconf 90' lang='lat' dir='ltr'><strong>sq.</strong></span> <span class='ocrx_word' id='word_1_201' title='bbox 677 3790 733 3848; x_wconf 81' lang='grc'><strong>157,</strong></span> <span class='ocrx_word' id='word_1_202' title='bbox 756 3791 784 3839; x_wconf 89' lang='lat' dir='ltr'><strong>de</strong></span> <span class='ocrx_word' id='word_1_203' title='bbox 801 3790 879 3855; x_wconf 82' lang='lat' dir='ltr'><strong>Apoll.</strong></span> <span class='ocrx_word' id='word_1_204' title='bbox 895 3791 975 3840; x_wconf 86' lang='lat' dir='ltr'><strong>hored.</strong></span> <span class='ocrx_word' id='word_1_205' title='bbox 993 3809 1017 3856; x_wconf 91' lang='lat' dir='ltr'><strong>p.</strong></span> <span class='ocrx_word' id='word_1_206' title='bbox 1037 3793 1084 3840; x_wconf 90' lang='grc'><strong>168</strong></span> <span class='ocrx_word' id='word_1_207' title='bbox 1102 3808 1153 3856; x_wconf 89' lang='lat' dir='ltr'><strong>sqq.</strong></span> <span class='ocrx_word' id='word_1_208' title='bbox 1173 3793 1220 3846; x_wconf 74' lang='lat'><strong>177</strong></span> 
     </span>
     <span class='ocr_line' id='line_1_28' title="bbox 207 3869 1221 3937; baseline 0.003 -19"><span class='ocrx_word' id='word_1_209' title='bbox 207 3885 241 3932; x_wconf 90' lang='lat' dir='ltr'><strong>sq.</strong></span> <span class='ocrx_word' id='word_1_210' title='bbox 256 3869 316 3928; x_wconf 84' lang='lat'><strong>190,</strong></span> <span class='ocrx_word' id='word_1_211' title='bbox 328 3869 363 3918; x_wconf 80' lang='lat' dir='ltr'><strong>¹da</strong></span> <span class='ocrx_word' id='word_1_212' title='bbox 380 3869 429 3919; x_wconf 85' lang='lat' dir='ltr'><strong>Cir.</strong></span> <span class='ocrx_word' id='word_1_213' title='bbox 446 3869 525 3919; x_wconf 79' lang='lat' dir='ltr'><strong>hereri.</strong></span> <span class='ocrx_word' id='word_1_214' title='bbox 544 3870 592 3920; x_wconf 88' lang='grc'><strong>208</strong></span> <span class='ocrx_word' id='word_1_215' title='bbox 601 3886 644 3934; x_wconf 75' lang='lat' dir='ltr'><strong>sq.</strong></span> <span class='ocrx_word' id='word_1_216' title='bbox 661 3871 689 3919; x_wconf 89' lang='lat' dir='ltr'><strong>de</strong></span> <span class='ocrx_word' id='word_1_217' title='bbox 705 3872 806 3936; x_wconf 68' lang='lat' dir='ltr'><strong>Astpph.</strong></span> <span class='ocrx_word' id='word_1_218' title='bbox 824 3871 903 3921; x_wconf 81' lang='lat' dir='ltr'><strong>hered.</strong></span> <span class='ocrx_word' id='word_1_219' title='bbox 918 3887 942 3937; x_wconf 87' lang='lat' dir='ltr'><strong>p.</strong></span> <span class='ocrx_word' id='word_1_220' title='bbox 961 3873 1023 3931; x_wconf 74' lang='lat'><strong>234,</strong></span> <span class='ocrx_word' id='word_1_221' title='bbox 1047 3872 1075 3920; x_wconf 88' lang='lat' dir='ltr'><strong>de</strong></span> <span class='ocrx_word' id='word_1_222' title='bbox 1091 3873 1221 3922; x_wconf 79' lang='lat' dir='ltr'><strong>Aristoroh.</strong></span> 
     </span>
     <span class='ocr_line' id='line_1_29' title="bbox 205 3948 1224 4017; baseline 0.005 -20"><span class='ocrx_word' id='word_1_223' title='bbox 205 3948 284 4000; x_wconf 77' lang='lat' dir='ltr'><strong>hereri.</strong></span> <span class='ocrx_word' id='word_1_224' title='bbox 306 3966 331 4016; x_wconf 89' lang='lat' dir='ltr'><strong>p.</strong></span> <span class='ocrx_word' id='word_1_225' title='bbox 354 3951 416 4008; x_wconf 88' lang='grc'><strong>258,</strong></span> <span class='ocrx_word' id='word_1_226' title='bbox 439 3950 500 4008; x_wconf 88' lang='grc'><strong>202,</strong></span> <span class='ocrx_word' id='word_1_227' title='bbox 526 3951 583 4000; x_wconf 85' lang='grc'><strong>205,</strong></span> <span class='ocrx_word' id='word_1_228' title='bbox 609 3951 761 4000; x_wconf 81' lang='lat' dir='ltr'><strong>Demosthen.</strong></span> <span class='ocrx_word' id='word_1_229' title='bbox 782 3951 834 4002; x_wconf 83' lang='lat' dir='ltr'><strong>adv.</strong></span> <span class='ocrx_word' id='word_1_230' title='bbox 852 3953 934 4002; x_wconf 85' lang='lat' dir='ltr'><strong>Boeot.</strong></span> <span class='ocrx_word' id='word_1_231' title='bbox 948 3953 976 4011; x_wconf 85' lang='grc' dir='ltr'><strong>Ι,</strong></span> <span class='ocrx_word' id='word_1_232' title='bbox 992 3969 1017 4017; x_wconf 89' lang='lat' dir='ltr'><strong>p.</strong></span> <span class='ocrx_word' id='word_1_233' title='bbox 1035 3951 1097 4011; x_wconf 78' lang='grc'><strong>285,</strong></span> <span class='ocrx_word' id='word_1_234' title='bbox 1117 3954 1181 4002; x_wconf 90' lang='grc'>1000</span> <span class='ocrx_word' id='word_1_235' title='bbox 1198 3957 1224 4002; x_wconf 89' lang='lat' dir='ltr'><strong>et</strong></span> 
     </span>
     <span class='ocr_line' id='line_1_30' title="bbox 207 4030 1222 4097; baseline 0.005 -19"><span class='ocrx_word' id='word_1_236' title='bbox 207 4030 279 4080; x_wconf 90' lang='lat'><strong>1003.</strong></span> <span class='ocrx_word' id='word_1_237' title='bbox 310 4031 351 4090; x_wconf 90' lang='lat' dir='ltr'><strong>II,</strong></span> <span class='ocrx_word' id='word_1_238' title='bbox 377 4046 402 4096; x_wconf 89' lang='lat' dir='ltr'><strong>p.</strong></span> <span class='ocrx_word' id='word_1_239' title='bbox 429 4031 502 4079; x_wconf 93' lang='grc'>1011.</span> <span class='ocrx_word' id='word_1_240' title='bbox 528 4031 580 4080; x_wconf 78' lang='lat' dir='ltr'><strong>adv.</strong></span> <span class='ocrx_word' id='word_1_241' title='bbox 605 4031 707 4080; x_wconf 86' lang='lat' dir='ltr'><strong>Macart.</strong></span> <span class='ocrx_word' id='word_1_242' title='bbox 734 4033 798 4080; x_wconf 85' lang='grc'><strong>1058</strong></span> <span class='ocrx_word' id='word_1_243' title='bbox 815 4047 850 4097; x_wconf 91' lang='lat' dir='ltr'><strong>sq.</strong></span> <span class='ocrx_word' id='word_1_244' title='bbox 874 4034 951 4092; x_wconf 87' lang='grc'><strong>1061,</strong></span> <span class='ocrx_word' id='word_1_245' title='bbox 976 4033 1222 4092; x_wconf 77' lang='lat' dir='ltr'><strong>1069,1078;aav.</strong></span> 
     </span>
     <span class='ocr_line' id='line_1_31' title="bbox 206 4107 1220 4178; baseline 0.004 -20"><span class='ocrx_word' id='word_1_246' title='bbox 206 4111 316 4160; x_wconf 83' lang='lat' dir='ltr'><strong>Leochar.</strong></span> <span class='ocrx_word' id='word_1_247' title='bbox 341 4111 408 4160; x_wconf 82' lang='grc'><strong>1092</strong></span> <span class='ocrx_word' id='word_1_248' title='bbox 428 4127 463 4174; x_wconf 84' lang='lat' dir='ltr'><strong>sq.</strong></span> <span class='ocrx_word' id='word_1_249' title='bbox 485 4109 537 4159; x_wconf 82' lang='lat' dir='ltr'><strong>adv.</strong></span> <span class='ocrx_word' id='word_1_250' title='bbox 554 4107 663 4162; x_wconf 68' lang='lat' dir='ltr'><strong>notun.</strong></span> <span class='ocrx_word' id='word_1_251' title='bbox 679 4115 729 4160; x_wconf 86' lang='lat' dir='ltr'><strong>tota</strong></span> <span class='ocrx_word' id='word_1_252' title='bbox 749 4113 800 4161; x_wconf 85' lang='lat' dir='ltr'><strong>fore</strong></span> <span class='ocrx_word' id='word_1_253' title='bbox 820 4113 907 4172; x_wconf 80' lang='lat' dir='ltr'><strong>oretio;</strong></span> <span class='ocrx_word' id='word_1_254' title='bbox 929 4113 979 4162; x_wconf 87' lang='lat' dir='ltr'><strong>adv.</strong></span> <span class='ocrx_word' id='word_1_255' title='bbox 998 4113 1220 4178; x_wconf 81' lang='lat' dir='ltr'><strong>Neaer.p.1349,</strong></span> 
     </span>
     <span class='ocr_line' id='line_1_32' title="bbox 206 4191 1219 4257; baseline 0.004 -19"><span class='ocrx_word' id='word_1_256' title='bbox 206 4191 286 4248; x_wconf 83' lang='grc' dir='ltr'><strong>1858,Ι</strong></span> <span class='ocrx_word' id='word_1_257' title='bbox 302 4191 366 4240; x_wconf 84' lang='grc'>1304</span> <span class='ocrx_word' id='word_1_258' title='bbox 383 4207 433 4256; x_wconf 88' lang='lat' dir='ltr'><strong>sqq.</strong></span> <span class='ocrx_word' id='word_1_259' title='bbox 453 4191 516 4239; x_wconf 87' lang='lat'>1385</span> <span class='ocrx_word' id='word_1_260' title='bbox 534 4206 568 4254; x_wconf 83' lang='lat' dir='ltr'><strong>sq.</strong></span> <span class='ocrx_word' id='word_1_261' title='bbox 595 4192 649 4254; x_wconf 83' lang='lat' dir='ltr'><strong>Lys.</strong></span> <span class='ocrx_word' id='word_1_262' title='bbox 667 4191 718 4240; x_wconf 84' lang='lat' dir='ltr'><strong>adv.</strong></span> <span class='ocrx_word' id='word_1_263' title='bbox 737 4191 830 4242; x_wconf 84' lang='lat' dir='ltr'><strong>Nicom.</strong></span> <span class='ocrx_word' id='word_1_264' title='bbox 845 4209 868 4257; x_wconf 88' lang='lat' dir='ltr'><strong>p.</strong></span> <span class='ocrx_word' id='word_1_265' title='bbox 884 4194 940 4246; x_wconf 81' lang='lat'><strong>837.</strong></span> <span class='ocrx_word' id='word_1_266' title='bbox 960 4192 1219 4257; x_wconf 71' lang='lat' dir='ltr'><strong>AnnonariaMyster.</strong></span> 
     </span>
     <span class='ocr_line' id='line_1_33' title="bbox 205 4270 763 4336; baseline 0.005 -19"><span class='ocrx_word' id='word_1_267' title='bbox 205 4287 229 4334; x_wconf 92' lang='lat' dir='ltr'><strong>p.</strong></span> <span class='ocrx_word' id='word_1_268' title='bbox 247 4270 287 4318; x_wconf 83' lang='grc'><strong>62.</strong></span> <span class='ocrx_word' id='word_1_269' title='bbox 315 4271 410 4320; x_wconf 84' lang='lat' dir='ltr'><strong>Isocrat.</strong></span> <span class='ocrx_word' id='word_1_270' title='bbox 429 4272 457 4320; x_wconf 86' lang='lat' dir='ltr'><strong>de</strong></span> <span class='ocrx_word' id='word_1_271' title='bbox 474 4273 590 4335; x_wconf 67' lang='lat' dir='ltr'><strong>Symmor.</strong></span> <span class='ocrx_word' id='word_1_272' title='bbox 609 4287 633 4336; x_wconf 91' lang='lat' dir='ltr'><strong>p.</strong></span> <span class='ocrx_word' id='word_1_273' title='bbox 652 4271 699 4320; x_wconf 87' lang='grc'><strong>281</strong></span> <span class='ocrx_word' id='word_1_274' title='bbox 718 4275 763 4320; x_wconf 84' lang='lat' dir='ltr'><strong>cet.</strong></span> 
     </span>
    </p>

    <p class='ocr_par' dir='ltr' id='par_1_9' title="bbox 240 4349 414 4409">
     <span class='ocr_line' id='line_1_34' title="bbox 240 4349 414 4409; baseline 0.029 -13"><span class='ocrx_word' id='word_1_275' title='bbox 240 4350 263 4409; x_wconf 86' lang='grc'><strong>8)</strong></span> <span class='ocrx_word' id='word_1_276' title='bbox 283 4349 341 4397; x_wconf 79' lang='lat' dir='ltr'><strong>Itan.</strong></span> <span class='ocrx_word' id='word_1_277' title='bbox 357 4353 414 4405; x_wconf 74' lang='lat'><strong>417.</strong></span> 
     </span>
    </p>
   </div>
   <div class='ocr_carea' id='block_1_8' title="bbox 0 0 1640 5382">
    <p class='ocr_par' dir='ltr' id='par_1_10' title="bbox 0 0 1640 5382">
     <span class='ocr_line' id='line_1_35' title="bbox 0 0 1640 5382; baseline 0 0"><span class='ocrx_word' id='word_1_278' title='bbox 0 0 1640 5382; x_wconf 95' lang='lat' dir='ltr'><strong> </strong></span> 
     </span>
    </p>
   </div>
  </div>
 </body>
</html>
