3270 5382
698 494 740 558 22

217 727 248 782 et
283 713 436 780 infantem
471 709 648 788 offerebat,
673 709 741 795 ipse
773 715 879 772 autem
910 715 999 773 actus
1023 717 1227 793 ρειαρωρνῖν,

215 821 301 890 unde
331 813 524 908 lepidissime
555 815 721 903 Aristopb.
750 813 833 880 Ran.
870 813 889 880 2
894 815 936 880 97
975 812 1016 879 de
1052 816 1226 882 certamine

216 941 401 1033 tragoediae
425 935 626 1027 Aeschylum
649 939 734 1002 inter
758 946 854 1022 atque
878 933 1091 1024 Euripidem:

355 1126 409 1190 καὶ
431 1127 491 1209 γὰρ
513 1121 660 1208 ταλάντῳ
680 1124 811 1205 μουσικὴ
835 1125 1059 1207 σταθμήσεται.

240 1264 243 1270 ’
305 1244 346 1315 Ξ.
364 1246 396 1310 τί
419 1241 474 1323 δὲς
496 1248 741 1325 μειαγωγήσουσι
761 1243 819 1324 τὴν
839 1239 1019 1326 τραγῳδίαν
1024 1265 1039 1319 ,·

219 1425 255 1495 Si
278 1427 347 1515 quis
368 1438 478 1494 autem
494 1427 670 1493 solemnem
686 1423 957 1491 introductionem
973 1424 1144 1514 prohibere
1162 1425 1229 1490 vel-

216 1552 274 1629 let,
298 1560 472 1637 antequam
495 1551 616 1629 hostia,
639 1569 659 1612 a
682 1547 849 1614 sacerdote
874 1549 982 1614 euriae
995 1596 1005 1628 ,
1029 1560 1065 1614 ut
1089 1547 1230 1627 videtur,

216 1683 427 1752 mactaretur,
453 1671 592 1737 debebat
613 1669 776 1737 victimam
800 1669 839 1735 ab
863 1693 920 1736 ara
943 1669 1105 1736 abducere
1130 1681 1163 1736 et
1186 1673 1231 1735 si-

216 1795 285 1862 mul
310 1817 422 1860 causas
446 1817 546 1882 quare
570 1793 603 1859 id
626 1793 761 1872 faceret,
790 1815 972 1885 exponere,
998 1815 1082 1881 quae
1107 1817 1126 1859 a
1151 1815 1230 1859 cun·

218 1919 279 1984 ctis
303 1917 477 1982 curialibus
501 1917 776 1994 examinabantur,
800 1929 832 1981 et
856 1915 882 1981 si
901 1915 976 2002 jure
1000 1917 1159 1982 obstitisse
1182 1917 1231 1982 vi·

219 2037 367 2119 debatur,
392 2037 613 2104 abducebatur
636 2039 765 2105 victima
789 2038 829 2104 ab
847 2062 915 2118 ara,
932 2037 1096 2124 α’πενὲχθη
1109 2040 1144 2102 τό
1158 2061 1231 2101 κου-

218 2165 301 2243 ρεῖον
317 2151 363 2245 1):
398 2161 447 2224 sin
484 2182 561 2225 vero
596 2161 720 2241 minus,
755 2169 848 2248 pater
879 2159 932 2226 vel
961 2161 1065 2242 κύριος
1088 2157 1231 2225 solemne

215 2281 399 2367 praestabat
417 2281 668 2368 jusjurandum,
693 2307 767 2348 eum
792 2306 888 2369 quem
908 2281 1145 2361 introduceret,
1161 2305 1231 2347 esse

215 2399 367 2490 legitimis
391 2404 512 2490 nuptiis
537 2425 576 2466 ex
595 2413 687 2489 patre
705 2413 737 2468 et
752 2416 855 2468 matre
873 2403 994 2470 civibus
1009 2414 1231 2491 procreatum3

137 2509 142 2520 ’
218 2513 250 2587 et
285 2523 436 2603 curiales,
473 2519 650 2604 καιομένων
675 2524 740 2588 τῶν
767 2525 896 2608 ἱερείων,
930 2525 1060 2592 calculis
1089 2550 1107 2591 e
1135 2525 1231 2593 Jovis

214 2623 359 2712 'Phratrfi
383 2669 439 2711 ara
463 2644 638 2724 desumus,
662 2646 695 2710 in
719 2647 815 2711 tacita
838 2649 1047 2714 mittebantur
1068 2649 1231 2736 suffragia.

215 2765 368 2852 'Quorum
393 2769 421 2833 si
445 2770 548 2854 major
571 2789 645 2853 pars
669 2769 782 2833 infanti
807 2769 991 2858 recipiendo
1004 2769 1141 2849 faveret,
1166 2780 1231 2836 sta·

216 2894 273 2958 tim
310 2913 329 2958 a
359 2895 574 2977 φρατριάρχῳ,
604 2889 771 2956 curialium
799 2892 960 2980 praefecto
977 2891 1026 2976 2),
1057 2893 1091 2956 in
1119 2914 1232 2958 eorum

217 3015 347 3094 album,
371 3013 498 3089 κοινὸν,
523 3013 590 3077 sive
614 3011 802 3096 φρατορικὸν
825 3016 1051 3096 γραμματεῖον,
1076 3023 1109 3078 et
1132 3014 1232 3100 ipsius

216 3109 254 3196 'et
287 3138 385 3218 patris
420 3157 539 3201 nomen
573 3131 825 3208 inscribebatur3
850 3132 918 3220 ipse
942 3145 1051 3201 autem
1075 3147 1166 3202 actus
1190 3143 1234 3212 sic

220 3254 375 3336 φράτορας
397 3259 529 3338 εἶςάγειν
552 3253 719 3322 dicebatur
736 3253 778 3340 3).

253 3430 278 3488 1)
295 3429 444 3480 Demosthen.
469 3433 521 3481 adv.
545 3433 669 3482 Macar-tat.
695 3448 720 3496 p.
741 3431 813 3484 1018.
840 3431 932 3490 Isaeua,
952 3431 981 3482 de
997 3431 1134 3484 Philoctem.
1151 3431 1243 3482 hored

218 3524 243 3575 p.
262 3509 309 3558 135
324 3525 358 3573 sq.
384 3510 453 3575 Apud
475 3511 567 3560 Isaeum
583 3529 659 3561 sermo
674 3515 709 3560 est
727 3512 754 3560 de
770 3511 817 3560 fih'o
834 3528 862 3560 ex
878 3518 954 3561 matre
970 3529 1018 3562 non
1031 3513 1080 3562 cive
1093 3501 1230 3580 procreato,

218 3605 289 3656 quem
304 3592 384 3654 postea
405 3591 474 3640 certis
490 3591 669 3650 conditionibus,
692 3596 730 3644 trd
743 3595 837 3660 ῥητοῖς,
855 3609 913 3656 quae
930 3592 1039 3658 legItimis
1054 3594 1177 3643 heredibus
1192 3610 1234 3646 sua

214 3670 271 3735 jura
295 3669 424 3729 sancirent,
454 3670 648 3722 consentientibus
671 3671 795 3722 curialibus
818 3673 965 3724 introducere
991 3671 1081 3724 beabat.
1112 3673 1234 3724 Praeclare

219 3753 327 3800 autema
344 3750 455 3800 Valckeu.
472 3751 533 3817 apud
546 3753 631 3800 Luzac.
656 3753 731 3802 Lectt.
750 3753 822 3803 Attio.
839 3769 864 3818 p.
883 3755 913 3800 58
930 3754 956 3802 in
972 3753 1000 3802 iis
1016 3769 1075 3817 quae
1091 3771 1116 3819 p.
1135 3755 1182 3804 136
1196 3770 1232 3806 se·

219 3835 331 3896 qunutur,
356 3846 400 3897 pro
424 3832 504 3882 insano
530 3836 643 3902 χωρίον
659 3834 765 3899 ἐνδόντα,
785 3837 909 3903 κονρὶον
925 3833 961 3882 vel
977 3842 1076 3903 κουρεῖον
1091 3835 1233 3900 corrigitur.-

221 3911 312 3960 mallem
328 3916 407 3961 tamen
420 3927 464 3977 pro
481 3914 610 3968 ινδοντα
626 3929 716 3980 quoque
732 3917 902 3979 ἐπιδόντα,
920 3929 978 3977 quae
994 3931 1039 3963 vox
1055 3915 1099 3963 hac
1115 3915 1139 3964 in
1155 3931 1181 3964 re
1198 3921 1233 3966 est

220 3989 335 4042 solemnis.
354 3994 399 4042 cff.
414 3993 555 4057 Harpocret.
572 4003 595 4044 ν’.
613 4001 686 4059 μεῖον·
704 4023 738 4032 -
750 4023 784 4032 -
796 4004 955 4060 μινγωγῆοαι
969 3995 994 4046 δὲ
1006 4001 1066 4048 ἔστιν
1079 4001 1107 4048 τὸ
1120 3998 1233 4053 ἐπιδοῦναι

219 4079 267 4131 τοῖς
281 4079 395 4144 φράτορσι
406 4079 434 4128 τὸ
446 4081 525 4140 μεῖον,
539 4073 622 4124 Pollux
640 4075 696 4132 III,
715 4076 755 4124 52.
773 4073 877 4140 Hesych.
894 4091 918 4125 v.
937 4080 1069 4144 οἰνιστήρια.

253 4155 278 4213 2)
296 4155 614 4223 Ηονροο111.ν.ρρατέρες.
632 4155 697 4205 Suid.
715 4171 738 4206 v.
757 4161 871 4226 φράτορες
884 4159 1018 4222 (utrumque
1031 4155 1232 4211 eniminvenitu:

221 4233 259 4281 Cf.
276 4233 360 4293 Meier,
377 4235 394 4285 l.
408 4235 425 4284 l.
442 4236 522 4300 p.11)
542 4235 663 4285 Demosth.
681 4236 733 4286 adv.
750 4236 834 4284 Eubul.
848 4253 873 4302 p.
891 4237 965 4286 1305.

254 4314 280 4372 3)
296 4314 332 4362 De
351 4315 446 4382 singulis
467 4317 504 4366 his
519 4315 582 4366 vidd.
599 4315 649 4364 loca
664 4331 735 4381 supra
751 4333 776 4382 p.
793 4317 842 4376 25,
865 4317 928 4364 Nota
945 4317 960 4366 2
974 4316 1055 4392 atleta,
1073 4321 1097 4368 ct
1113 4319 1151 4370 effi
1165 4333 1233 4384 prae·

220 4395 284 4446 terea
300 4397 404 4446 auctores
420 4411 477 4462 quos
493 4396 572 4447 attulit
585 4395 722 4456 Hermann,
740 4395 787 4448 1.1.
804 4412 829 4460 p.
847 4397 894 4448 221
912 4412 947 4461 sq.
