3270 5382
722 465 762 529 13

232 681 392 772 Apollinis
421 689 454 746 et
481 677 660 766 pestilentia
688 678 864 744 exercitum
888 677 1005 747 invasit
1030 689 1061 745 et
1085 678 1245 768 Hippotes

232 816 363 894 propter
391 800 524 868 caedem
548 803 582 874 iu
607 799 736 866 exilium
761 799 851 880 abiit,
876 800 964 867 unde
987 801 1131 868 Deribus
1154 803 1245 868 insti·

232 939 339 994 tutum
364 936 401 991 ut
424 923 647 991 Acaruensem
671 932 778 989 vatem
802 923 968 1010 placarent
985 922 1026 1009 ¹).

279 1049 431 1137 Spartani
466 1057 595 1127 autem,
627 1055 779 1112 narrante
810 1045 973 1112 Pausania
995 1043 1025 1132 2)
1049 1046 1246 1133 peculiarem

233 1193 328 1238 suum
361 1169 503 1236 habuere
538 1171 707 1251 Kerausion,
737 1191 755 1232 a
780 1169 942 1234 communi
963 1168 1172 1234 Doriensium
1196 1167 1246 1234 di·

234 1313 378 1371 versum,
403 1286 541 1355 Οἰκέταν
566 1288 700 1367 dietum,
730 1289 785 1374 qui
804 1290 874 1375 jam
899 1298 973 1354 ante
996 1287 1246 1354 Heraclidarum

234 1415 390 1492 reditum,
415 1435 490 1478 eum
506 1409 632 1478 Achaei
649 1412 744 1479 etiarn
762 1421 832 1476 tum
848 1408 998 1497 Spartam
1014 1411 1247 1491 inhabitabant,

233 1536 398 1604 colebatur
421 1536 454 1600 in
479 1533 575 1600 domo
600 1530 669 1601 orii
693 1532 842 1598 Theoclis
865 1532 923 1598 filii
945 1533 1036 1599 vatis.
1064 1531 1132 1615 Qui
1148 1531 1247 1620 Spar-

231 1671 326 1726 tanus
366 1654 514 1724 Cernens
554 1655 785 1744 posterioribus
824 1677 954 1742 quoque
992 1655 1191 1742 temporibus
1228 1680 1248 1722 a

182 1841 185 1848 .
231 1781 442 1848 Doriensium
477 1777 623 1845 diversus
658 1780 811 1845 mansisse
848 1776 991 1856 videtur,
1016 1777 1134 1864 quippe
1162 1776 1248 1844 idem

232 1903 413 1969 Pausanias
440 1913 551 1967 narrat
578 1901 729 1966 Leuctris
759 1923 828 1966 esse
861 1895 1069 1971 ’Λπόλλωνος
1089 1900 1249 1984 Καρνείου

232 2025 333 2100 ξόανα
360 2024 442 2086 κατὰ
469 2023 585 2098 ταύτὰ,
613 2024 701 2086 καθὰ
731 2020 768 2103 δὴ
793 2021 846 2086 καί
867 2019 1130 2102 Λακεδαιμονίων
1157 2022 1248 2104 νομί-

233 2143 340 2219 ζουσιν
364 2142 394 2205 οἱ
413 2145 569 2226 Σπάρτην
593 2141 719 2227 ἔχοντες
732 2138 771 2227 3).

280 2263 359 2327 Dies
388 2272 496 2327 autem
525 2261 558 2326 bi
586 2260 659 2326 festi
683 2260 863 2350 agebantur
887 2260 1058 2346 quotannis
1073 2256 1105 2343 4)
1130 2260 1248 2326 mensis

233 2383 469 2471 Spartanorum
500 2381 660 2462 Καρνείου
687 2382 719 2446 h.
743 2405 769 2446 e.
794 2381 1044 2447 Atheniensium
1069 2385 1248 2461 Μεταγειτ-

234 2507 367 2576 νιῶνος,
402 2503 503 2568 nostri
531 2502 599 2568 fere
624 2501 766 2591 Augusti
796 2504 848 2569 die
873 2505 1007 2590 septimo
1033 2515 1066 2568 et
1090 2513 1162 2569 octo
1191 2504 1246 2590 qui

233 2669 453 2687 ’naa—m..-

230 2767 366 2817 Heruelidas
386 2769 443 2828 firit,
465 2771 501 2818 est
521 2767 664 2816 interfectus.
687 2767 767 2825 Idem,
791 2771 817 2816 ut
838 2767 938 2824 videtur,
957 2765 1046 2823 Aletes,
1064 2767 1166 2816 oecurrit
1181 2765 1245 2830 apud

228 2850 328 2898 Pauseu.
346 2850 388 2907 II,
406 2851 435 2907 4,
454 2851 480 2898 3:
495 2875 569 2886 --
586 2854 680 2916 Δωριεῖς
696 2849 856 2916 reparabantur
869 2850 907 2900 ἐπὶ
920 2851 1032 2916 Κόρινθον·
1047 2850 1126 2910 ἡγεῖτο
1145 2847 1169 2896 u
1182 2844 1249 2905 ’Δλή-

229 2951 270 2989 rar
290 2927 397 2981 Ἱππίταν
415 2933 456 2982 τοῦ
477 2930 585 2986 nolanos
605 2933 646 2980 τοῦ
666 2926 780 2996 Ἀντιόχου
801 2933 842 2980 τοῦ
860 2927 1003 2997 Ἡρακλέους.
1039 2928 1084 2974 Off.
1101 2929 1172 2975 aucit.
1187 2927 1248 2992 apud

228 3011 366 3068 Hermann,
386 2999 558 3058 standene.
576 3025 601 3073 p,
619 3011 663 3068 οι,
681 3011 724 3058 no.
743 3011 768 3058 o.

263 3091 287 3148 1)
303 3090 402 3138 Pousau.
420 3089 477 3147 ΙΙΙ,
497 3089 540 3146 13,
560 3090 584 3137 3.
602 3089 679 3138 Schol.
696 3089 794 3138 Theoer.
812 3088 843 3145 V,
862 3090 902 3136 83.
922 3086 1030 3152 Apollod.
1046 3086 1089 3145 11,
1107 3087 1135 3145 8,
1155 3087 1183 3144 3,
1202 3086 1246 3135 ibi·

230 3181 275 3228 que
290 3167 370 3231 lIeyn.
387 3168 426 3230 qui
443 3167 522 3216 eadem
539 3168 599 3224 fere,
618 3167 668 3216 aliis
684 3165 856 3215 narrationibus
871 3167 958 3224 mixta,
976 3164 1070 3214 hebent.
1088 3165 1201 3214 Valcken.
1219 3165 1247 3214 ad

231 3246 328 3294 Theoer.
353 3247 463 3297 Adeuiaz.
490 3265 514 3313 p.
532 3249 581 3298 313
603 3247 731 3298 Pausaniae
749 3245 886 3303 adsentit-ur,
901 3261 944 3310 pro
961 3251 1070 3315 lupanares
1085 3260 1134 3294 esse
1150 3245 1247 3296 dietum

231 3324 338 3375 Macrob.
355 3328 448 3377 saum.
467 3329 493 3386 Ι,
513 3330 543 3382 17
563 3329 619 3377 adeo
640 3327 773 3393 Apollinem
794 3333 901 3395 unp-atos
921 3340 970 3374 esse
989 3325 1077 3373 dietum
1093 3326 1194 3374 affirmet
1212 3327 1248 3379 en

232 3411 348 3470 καιόμενος
373 3405 456 3474 δρᾶται
479 3410 535 3464 odor!
559 3405 611 3456 Alia
633 3409 661 3456 de
682 3408 783 3456 nominis
805 3407 895 3470 origine
916 3419 930 3454 a
947 3409 1030 3475 κείρειν
1046 3409 1090 3454 etc.
1107 3405 1169 3453 vidd.
1187 3407 1248 3471 apud

231 3485 369 3542 Hermann,
396 3484 483 3534 Lehrb.
509 3487 549 3534 der
573 3487 839 3550 Gottesd.Alte1tb.p.
859 3486 915 3539 270.
934 3486 977 3534 N⁰.
995 3485 1035 3534 31.
1062 3485 1123 3534 Cum
1138 3500 1193 3534 vero
1210 3487 1249 3536 hic

233 3565 310 3614 cultus
328 3564 413 3614 Thebis
431 3568 455 3614 ct
479 3565 616 3624 Phoenicia,
641 3570 669 3615 ut
684 3567 826 3626 videbimus,
844 3567 874 3616 sit
890 3565 1014 3625 oriundus,
1031 3567 1119 3615 frustra
1135 3567 1248 3616 Graecam

231 3645 396 3710 etymologiam
411 3661 515 3709 quaeras.

237 3755 239 3764 .
264 3725 481 3784 2)Pausan.111,
501 3726 546 3782 13,
565 3725 593 3782 2,
612 3727 636 3776 3.

265 3807 290 3863 3)
307 3806 408 3854 Pausan.
431 3805 487 3863 111,
512 3806 556 3863 26,
580 3807 604 3854 3.
625 3805 662 3854 Cf.
681 3808 761 3854 eontra
777 3805 832 3854 ibid.
847 3809 857 3868 §
873 3807 903 3855 6:
922 3805 1033 3858 Ἀπόλλων
1054 3809 1103 3858 decl
1122 3815 1246 3876 Καρνεῖος,

232 3891 291 3937 καθὰ
309 3891 427 3956 Δωριεῦσιν
446 3892 578 3955 ὲπιχώριονι
604 3885 707 3935 Beeekh.
730 3887 802 3951 (dorp.
820 3887 896 3936 Inser.
914 3889 956 3936 N0.
978 3887 1042 3936 1446
1059 3891 1082 3936 et
1098 3891 1169 3936 anett.
1187 3888 1249 3952 apud

233 3966 363 4016 Hermann.
389 3966 406 4015 1.
423 3966 440 4014 l.
457 3983 482 4030 p.
501 3967 562 4024 269,
589 3966 635 4016 Ne.
656 3967 696 4015 14.
721 3966 758 4016 Ad
780 3981 850 4030 quem
866 3967 983 4016 Carneum
1000 3967 1119 4032 pertinent
1135 3969 1246 4026 semema,

234 4059 317 4109 magna
343 4047 424 4095 saltem
449 4061 477 4094 ex
502 4049 579 4110 parte,
606 4047 734 4096 sacerdotes
756 4047 797 4111 qui
816 4047 936 4110 jumento
953 4047 1131 4096 Heraehdarum
1148 4048 1248 4096 reditum

234 4130 399 4185 memorantur,
418 4129 441 4175 et
458 4141 566 4190 regnasse
582 4127 637 4176 adeo
651 4127 763 4190 Sicyouee
779 4127 888 4177 dicuutur
904 4128 965 4192 apud
982 4127 1082 4190 Syneell.
1092 4144 1116 4192 p.
1127 4128 1158 4180 97
1168 4129 1248 4176 salsa

234 4205 258 4252 et
274 4202 356 4254 Euseb.
371 4207 397 4264 Ι,
416 4222 440 4270 p.
459 4205 490 4254 19
508 4208 532 4254 et
546 4205 586 4257 27.
604 4207 649 4254 Off.
666 4205 845 4270 Eusebsmlig.
855 4223 878 4271 p.
889 4207 934 4264 75,
944 4205 1079 4265 Mershem,
1089 4207 1147 4255 (lau.
1158 4208 1248 4257 Chron.

234 4300 258 4348 p.
269 4283 317 4331 336
330 4289 353 4333 ct
366 4287 396 4334 du
405 4285 472 4335 Theil
484 4285 509 4334 in
522 4283 648 4335 Me'moires
662 4287 690 4335 de
698 4284 824 4337 l’Aeudem.
834 4286 873 4337 des
882 4286 992 4352 Inscript.
1009 4287 1060 4338 Vel.
1071 4287 1110 4348 39,
1120 4304 1144 4353 p.
1157 4288 1204 4338 192
1213 4303 1247 4352 sq.

268 4365 293 4424 4)
312 4364 402 4417 Gallim.
419 4367 510 4432 IIymu.
528 4367 553 4416 iu
569 4365 647 4433 Apoll.
664 4384 698 4420 vs.
717 4367 757 4422 78.
