3270 5382
686 498 726 560 17

199 719 274 800 Quo
295 716 364 780 loco
389 713 495 780 denuo
521 711 668 792 ζωστῆρος
691 711 825 780 Ἐνυοῦς
850 707 958 789 α’νέρις
975 707 1117 772 militiam
1138 730 1211 794 spe-

198 851 298 916 ctant,
316 849 348 904 et
365 835 515 902 saltantes
533 835 668 899 feminae
691 831 874 896 liberiorem
893 831 1098 896 Doriensium
1117 855 1212 917 quam

201 963 320 1029 Ionum
349 959 410 1024 hac
433 958 466 1023 in
489 979 525 1022 re
549 957 694 1024 referunt
717 953 848 1018 vivendi
871 955 1027 1019 rationem
1045 955 1084 1041 1).
1112 953 1213 1019 Pom·

199 1106 261 1172 pas
286 1103 383 1169 porro
405 1079 608 1145 habebantur
631 1077 810 1155 solemnes,
834 1076 942 1162 prouti
967 1098 1041 1140 curn
1066 1075 1211 1141 curribus

200 1206 281 1270 adeo
305 1211 480 1270 occurrunt
504 1199 592 1287 apud
615 1195 747 1264 Pindar.
771 1197 869 1284 Pyth.
895 1195 938 1276 V,
965 1199 1031 1263 85:

406 1388 510 1486 κτίσεν
534 1384 562 1448 d’
580 1381 678 1448 ἄλσεα
701 1383 831 1465 μείζονα
856 1388 958 1458 θεῶν,

409 1505 583 1586 εὐθύτομόν
607 1527 641 1566 τε
664 1500 841 1586 κατέθηκεν
863 1500 1104 1573 Ἀπολλωνίαις

409 1621 642 1710 ἀλεξιμβρότοις
665 1619 802 1686 πεδιάδα
825 1628 965 1704 πομπαῖς

411 1741 505 1823 ἔμμεν
529 1743 722 1823 ἱππόκροτον

414 1862 575 1944 σκυρωτὰν
597 1857 682 1923 όόόν.

205 2047 377 2113 Pertinent
401 2043 530 2132 quidem
554 2044 634 2109 haec
658 2045 766 2111 omnia
790 2041 833 2110 ad
855 2042 971 2108 festum
994 2041 1144 2131 Cyrenas
1166 2063 1220 2105 ce-

205 2169 384 2250 lebratum,
408 2165 466 2234 sed
489 2188 549 2232 nec
573 2163 710 2253 Spartae
734 2165 827 2231 aliter
850 2164 968 2244 fuisse,
990 2163 1042 2230 vel
1062 2163 1138 2230 inde
1158 2185 1221 2250 ‚pa-

204 2303 267 2371 tet,
304 2289 390 2378 quod
431 2288 522 2354 nulla
556 2287 620 2354 alia
655 2287 688 2352 in
723 2309 759 2352 re
794 2287 916 2354 firmius
949 2299 1045 2374 atque
1077 2287 1221 2352 tenacius

209 2415 360 2499 antiquae
385 2411 528 2475 coloniae
552 2407 767 2492 μητροπόλεως
784 2409 956 2475 servabant
971 2432 1108 2488 morem,
1125 2431 1222 2495 quam

209 2534 242 2598 in
270 2531 428 2598 similibus
456 2517 655 2596 celebrandis
684 2533 790 2597 sacris.
841 2528 957 2597 Cultus
984 2541 1093 2596 autem
1117 2528 1222 2616 Apol·

209 2653 282 2718 linis
308 2650 447 2730 Carnei,
470 2661 507 2718 nt
531 2675 606 2717 mox
629 2653 774 2739 pluribus
791 2652 984 2734 videbimus,
1003 2651 1120 2740 Sparta
1135 2651 1224 2717 The-

210 2797 296 2855 ram,
321 2773 395 2840 inde
424 2785 531 2840 autern
555 2798 574 2840 a
597 2775 696 2840 Batto
722 2774 874 2862 Cyrenen
899 2785 948 2841 est
970 2775 1153 2846 translatus.

254 2895 422 2975 Alterum,
445 2895 532 2983 quod
555 2897 589 2961 ia
613 2892 848 2983 Spartahorum
865 2896 1030 2984 republica
1048 2917 1121 2961 oum
1141 2895 1224 2961 mili·

208 3019 254 3084 tia
277 3039 404 3105 semper
427 3015 491 3084 fuit
515 3015 722 3102 conjunctum
737 3016 784 3102 2),
809 3028 842 3082 et
866 3017 918 3084 hio
941 3016 1225 3104 deprehendimus,

211 3140 366 3205 musicam
400 3161 534 3227 nempe,
571 3138 611 3203 de
646 3161 711 3225 qua
739 3140 918 3205 secundum
954 3139 1116 3207 Sosibium
1140 3141 1227 3227 apud

213 3258 338 3325 Athen.
359 3259 459 3340 XIV,
484 3262 527 3327 37
554 3259 630 3326 inde
655 3259 695 3325 ab
720 3257 851 3348 Olymp.
877 3262 920 3328 26
946 3263 978 3326 in
996 3265 1033 3328 iis
1050 3263 1226 3328 certamina

214 3379 427 3460 habebantur,
449 3391 483 3446 et
504 3381 696 3470 Terpander
719 3385 842 3470 primus
865 3384 1031 3449 victoriam
1047 3395 1227 3472 reportasse

214 3503 339 3570 dicitur.
387 3499 473 3568 Cum
507 3525 584 3568 vero
621 3515 768 3570 constare
804 3503 969 3585 videatur,
999 3505 1227 3594 Terpandrum

209 3627 278 3713 jam
302 3635 377 3691 ante
402 3622 534 3716 Olymp.
558 3626 603 3690 20
639 3625 784 3692 floruisse
800 3625 846 3714 3),
874 3628 1108 3715 antiquioribus
1132 3629 1230 3694 etiam

213 3746 427 3834 temporibus,
451 3746 476 3811 si
499 3769 578 3812 vera
602 3757 651 3813 est
673 3749 834 3829 narratio,
858 3751 981 3816 musica
1005 3751 1181 3815 certamina
1196 3751 1230 3816 in

216 3871 253 3936 iis
276 3870 476 3937 obtinuerint
499 3891 631 3936 necesse
659 3880 717 3936 est.
742 3867 809 3937 Alii
833 3871 887 3960 qui
911 3874 945 3938 in
967 3873 1006 3938 iis
1023 3883 1231 3938 certaverunt

214 4009 404 4022 ῌ

250 4077 274 4135 1)
291 4078 328 4126 uf.
345 4075 465 4126 Plutarch.
484 4075 585 4140 Lycurg.
606 4075 645 4124 14.

251 4157 275 4215 2)
293 4157 330 4206 Cf.
347 4156 402 4206 ibid.
420 4158 451 4206 21
469 4159 492 4204 ct
509 4156 551 4206 22.

250 4235 276 4294 3)
293 4236 337 4284 Cff.
355 4241 426 4287 auott.
444 4235 505 4301 apud
522 4236 621 4291 Mauso,
638 4233 655 4282 l.
669 4233 686 4283 l.
704 4251 728 4299 p.
744 4235 1005 4287 altrimenti
1021 4253 1045 4301 p.
1060 4237 1121 4294 270,
1132 4238 1177 4285 Na.
1187 4237 1228 4293 29,

217 4315 295 4373 Bode,
314 4315 397 4365 Gcsch.
412 4316 452 4364 der
466 4314 559 4365 Hellen.
577 4312 672 4362 Dichtk.
690 4313 786 4373 locisin
802 4313 850 4381 ind.
861 4330 883 4362 v.
893 4313 1046 4380 Terpandros.
1062 4315 1229 4374 Wachsmuth,

218 4393 313 4446 Hellen.
328 4393 497 4447 Alterthumslt.
514 4389 576 4446 utin
591 4391 658 4453 λᾶας
669 4388 698 4443 i.
717 4393 743 4452 1,
761 4409 786 4458 p.
799 4393 848 4444 468
865 4407 900 4457 sq.

1133 4493 1150 4547 2
