3270 5382
904 417 946 481 28

464 629 558 696 Haec
587 641 694 696 autem
723 631 755 695 in
781 632 945 697 Phratrias
969 630 1183 710 introductio,
1208 643 1244 698 ut
1267 633 1335 700 fere
1359 657 1427 700 om-

416 754 471 820 nia
495 775 577 840 quae
602 752 643 818 ad
667 753 828 820 civitatem
851 752 1073 842 pertinebant,
1103 776 1176 822 cum
1200 777 1236 822 re
1259 779 1349 824 sacra
1375 780 1427 824 sr-

419 874 557 940 ctissime
592 884 662 940 erat
686 876 878 961 conjuncta,
902 885 999 961 etque
1025 873 1111 962 apud
1135 873 1371 956 Athenienses,
1396 889 1428 942 et

416 1005 453 1060 ut
487 994 615 1061 videtur
650 994 736 1082 apud
771 1018 883 1061 omnes
913 995 1031 1073 Iones,
1062 995 1096 1060 in
1125 993 1293 1082 Apaturiis
1321 997 1425 1064 tiebat.

306 1193 308 1200 Ι
415 1115 518 1204 Apud
541 1117 758 1184 Athenienses
794 1117 924 1205 quidem
948 1119 1044 1184 tertio
1069 1139 1180 1186 eorum
1204 1117 1280 1199 die,
1305 1122 1359 1207 qui
1385 1121 1425 1188 ab

414 1239 485 1326 ipsa
520 1241 640 1324 rodoma
673 1238 910 1306 introductione
938 1261 1115 1327 eorumque
1144 1246 1240 1325 κουρᾷ
1262 1241 1427 1326 cooperiar

415 1359 597 1439 dicebatur3
620 1359 682 1428 nisi
705 1360 790 1428 forte
814 1371 905 1428 extra
929 1360 1074 1428 ordinem
1099 1361 1213 1429 oborta
1228 1362 1428 1440 necessitate,

413 1482 447 1548 in
463 1480 644 1570 Thargeliis
667 1482 774 1566 fieret,
799 1483 885 1572 quod
910 1507 929 1550 a
952 1480 1126 1550 curialibus
1150 1483 1333 1550 convocetis
1357 1494 1428 1549 erat

414 1601 662 1692 dijudicandum.
688 1602 788 1687 Quod
801 1606 885 1672 enim
899 1613 994 1672 antea
1005 1602 1223 1685 statuebatur,
1236 1603 1427 1694 adoptorum

412 1724 686 1792 introductionem
709 1748 836 1816 semper
864 1727 898 1792 in
922 1724 1102 1814 Thorgeliis
1126 1725 1233 1794 locum
1257 1725 1426 1806 habuisse,

412 1841 606 1912 unicolsaei
629 1845 700 1912 loco
725 1846 766 1913 de
790 1845 942 1935 Apollod.
966 1845 1074 1912 hered.
1098 1870 1130 1934 p.
1156 1849 1223 1914 169
1248 1849 1370 1928 nititur,
1393 1848 1426 1914 in

412 1989 477 2053 quo
495 1975 603 2034 tamen
619 1967 689 2056 ipso
712 1970 801 2048 odora
834 1971 997 2048 γεγονότες
1022 1991 1125 2055 aeque
1149 1990 1188 2034 ac
1209 1969 1335 2052 ποιητοὶ
1358 1991 1427 2038 me·

412 2098 590 2168 morentur,
614 2099 646 2155 et
669 2089 782 2156 iisdem
806 2089 1058 2156 solemnitatibus
1084 2089 1214 2156 obnoxii
1238 2089 1399 2159 dicuntur.

459 2207 534 2274 Hac
568 2211 666 2297 igitur
701 2219 792 2274 extre
828 2205 972 2273 ordinem
1008 2209 1261 2290 introductione,
1297 2213 1364 2278 rive
1393 2213 1427 2279 in

411 2329 614 2418 ThergeliiS,
637 2331 704 2396 sive
727 2331 761 2396 in
786 2328 847 2394 alio
871 2328 1005 2396 fortasse
1024 2341 1192 2418 praeterea
1213 2331 1295 2398 festo
1309 2355 1427 2424 excep-

411 2449 459 2532 ea,
485 2450 659 2519 Oureotide
684 2451 736 2517 die
760 2452 794 2516 in
818 2473 877 2516 sua
894 2451 1011 2517 sacella
1034 2451 1268 2522 conveniebant
1291 2455 1429 2524 curiales

411 2586 445 2640 et
474 2573 692 2640 afferebantur
723 2573 779 2661 qui
808 2595 846 2638 eo
879 2595 964 2638 anno
989 2574 1040 2639 vel
1065 2576 1218 2662 proximis
1241 2579 1332 2644 annis
1360 2579 1427 2661 sive

412 2696 588 2762 curialibus
617 2695 685 2760 nati
714 2705 806 2760 erant
836 2693 997 2776 infe-nter,
1028 2697 1095 2762 sive
1120 2696 1290 2788 abaliquo
1315 2721 1427 2767 eorum

412 2817 564 2906 adoptati.
611 2813 871 2885 Adducebantur
894 2827 1062 2905 praeterea
1078 2817 1211 2900 hostiae,
1234 2821 1281 2892 ὄϊς
1295 2821 1424 2902 opertio,

411 2936 467 3014 σε’ίξ
484 2940 618 3021 φράτωρ,
642 2942 766 3020 κουρεῖα
789 2937 925 3002 solemni
949 2936 1105 3004 vocabulo
1127 2938 1229 3004 dictae
1243 2935 1289 3020 l),
1313 2936 1425 3020 singu-

409 3056 516 3123 lorum
539 3057 669 3122 nomine
695 3058 754 3124 diis
779 3061 974 3140 curialibus,
1000 3059 1078 3127 Jovi
1102 3055 1255 3144 imprimis
1279 3053 1423 3141 plrratrio

411 3179 622 3246 mactandae:
647 3202 730 3267 quae
754 3190 827 3266 μεῖνε
850 3194 1020 3270 praeterea
1043 3178 1244 3258 dicebantur,
1260 3177 1351 3262 cujus
1367 3200 1424 3243 vo·

412 3301 519 3368 cabuli
552 3302 661 3368 variae
690 3325 709 3368 a
738 3304 903 3369 veteribus
923 3305 990 3387 jam
1013 3297 1230 3386 grammaticis
1252 3298 1426 3366 traduntur

410 3423 639 3511 explicationes
659 3421 699 3507 2).
735 3424 925 3501 Memyuyo'r
953 3422 979 3486 is
1007 3419 1186 3500 dicebatur,
1209 3422 1264 3508 qui
1287 3421 1425 3489 hostiam

444 3601 469 3662 1)
485 3601 564 3668 Etym
581 3601 618 3650 M.
636 3616 659 3650 ν.
677 3595 755 3647 chic.
772 3595 870 3646 Rhetor.
889 3611 912 3646 ν.
929 3594 1011 3644 Pollux
1026 3595 1107 3655 VIII,
1122 3595 1178 3650 107.
1197 3596 1227 3646 In
1240 3595 1323 3646 adultis
1332 3595 1424 3656 saltem,

410 3698 550 3748 quamquam
566 3683 623 3730 haec
638 3677 756 3729 interdum
771 3675 951 3726 contunduntur.
969 3677 1007 3727 Oi.
1026 3677 1150 3726 Hermann
1159 3677 1187 3726 iu
1204 3677 1316 3727 zeitschr.
1333 3677 1374 3728 fiir
1389 3677 1427 3726 die

411 3761 586 3812 Alterthumsw.
604 3761 642 3809 Al.
661 3759 739 3816 1835,
753 3774 778 3821 p.
788 3757 852 3805 1140
861 3773 896 3820 sq.

445 3843 470 3903 2)
488 3843 629 3907 llorpocret.
645 3853 669 3888 v,
686 3844 750 3902 μεῖον
764 3840 802 3888 καὶ
820 3843 948 3902 aarum&
959 3864 992 3880 -
1003 3864 1037 3876 -
1056 3833 1217 3909 Ἐρατοσθένης
1236 3835 1284 3890 t'e
1301 3845 1350 3897 τοῖς
1371 3842 1427 3908 περὶ

412 3922 530 3990 κωμῳδίας
548 3923 612 3990 prais
630 3920 707 3974 οὕτως·
728 3924 798 3982 νόμον
817 3917 878 3976 ὄντος
895 3926 929 3984 μὴ
946 3926 1011 3983 μεῖσν
1025 3923 1121 3984 εἰσάγειν
1141 3921 1266 3989 ὡρισμένου
1285 3924 1358 3984 τινὸς,
1374 3924 1429 3971 irn-

412 4009 554 4057 σκώπτοντες
573 4001 638 4063 μετὰ
653 3997 748 4054 παιδιᾶς
765 4001 844 4052 πάντα
861 4003 899 4050 τὸν
913 4001 1049 4064 εἰσάγοντα,
1065 4006 1130 4065 peior
1150 4004 1236 4068 ἔφασαν
1250 4004 1363 4064 εἰσάγειν,
1379 4004 1430 4051 ὅθεν

411 4087 443 4133 τὰ
454 4084 498 4147 μὲν
510 4083 583 4150 iepsia
597 4086 661 4144 μεῖον
674 4077 856 4148 προςνγσρεὺθσ,
873 4083 1001 4144 peraperte
1017 4079 1041 4130 δὲ
1054 4081 1067 4130 ὁ
1080 4085 1172 4145 εἰσάγων
1189 4099 1210 4130 κ.
1219 4099 1242 4131 τ.
1250 4081 1272 4132 l.
1290 4081 1335 4130 (ΙΙΙ.
1349 4079 1427 4129 Schol.

412 4159 532 4223 Aristoph.
547 4157 607 4206 llan.
622 4157 685 4214 798,
702 4156 779 4221 ibique
795 4157 866 4206 Dind.
883 4157 966 4207 Pollux
983 4158 1038 4218 111,
1055 4161 1095 4210 52.
1113 4160 1178 4209 Suid.
1196 4163 1219 4208 et
1232 4159 1302 4209 Phot.
1315 4176 1339 4209 ν.
1348 4167 1424 4228 μεῖον,

411 4244 436 4288 ct
452 4237 533 4302 reliqui
550 4239 621 4286 aucti.
639 4237 699 4302 apud
716 4237 853 4297 Hermann,
871 4237 1042 4290 Staatsalterth.
1060 4257 1084 4308 p.
1100 4241 1162 4304 222,
1179 4240 1219 4305 qui
1236 4256 1248 4289 a
1265 4244 1318 4306 μεὶς
1335 4261 1368 4286 =
1382 4247 1428 4306 μὴν

412 4321 469 4368 haec
486 4318 594 4368 sacrificia
612 4319 709 4368 sortasse
726 4334 773 4368 csse
790 4319 849 4369 dicta
867 4319 1003 4386 suspicatur.
