3270 5382
708 516 749 578 19

220 727 396 813 λειτουργία
428 727 579 794 mandata
613 739 682 794 erat
718 728 939 814 quinqueviris
978 725 1152 792 caelibibus
1188 749 1229 792 ex

219 854 355 941 siugulis
382 852 528 918 tribubus
557 863 642 916 sorte
670 850 790 929 ductis,
819 856 1003 932 Καρνεᾶται
1032 851 1145 929 dictis,
1176 853 1231 936 qui

220 999 279 1062 per
302 975 549 1060 quadriennium
574 995 709 1040 munere
731 971 1007 1060 fungebantur1).
1036 973 1163 1038 Therae
1180 995 1232 1038 sa·

220 1096 399 1162 cerdotium
422 1095 583 1184 Apollinis
608 1094 728 1163 Carnei
751 1096 792 1160 ed
816 1119 914 1160 unam
937 1094 1088 1160 familiam
1103 1094 1231 1160 heredi-

221 1221 304 1286 tario
332 1221 406 1306 jure
441 1218 641 1307 pertinebat,
681 1220 801 1306 quippe
834 1221 869 1284 in
903 1218 1110 1305 inscriptione
1147 1219 1233 1304 apud

222 1338 319 1428 Spon.
347 1341 484 1408 Miscell.
508 1365 538 1430 p.
570 1345 637 1408 342
669 1343 810 1407 occurrit
838 1340 1022 1421 Admetus,
1050 1340 1234 1406 Theoclidis

220 1465 324 1543 filius,
352 1463 564 1530 hereditarius
598 1465 693 1550 hujus
722 1464 774 1530 dei
798 1464 968 1543 sacerdos,
993 1465 1048 1551 qui
1072 1487 1091 1530 a
1114 1464 1233 1552 populo

219 1587 260 1652 ob
284 1587 390 1652 varias
412 1589 548 1653 virtutes
572 1589 655 1654 inter
679 1587 807 1653 Heroas
830 1597 879 1652 est
901 1587 1033 1653 relatus.

265 1709 399 1792 eranto
434 1710 539 1776 studio
576 1723 761 1798 quantaque
788 1710 944 1798 religione
972 1711 1005 1776 hi
1029 1709 1096 1776 dies
1120 1710 1235 1775 festia

219 1829 387 1918 Spartanis
412 1843 601 1919 agerentur,
627 1833 765 1897 maxime
789 1831 865 1897 inde
888 1843 995 1919 patet,
1012 1831 1099 1920 quod
1116 1833 1148 1896 in
1166 1855 1234 1896 me·

221 1952 274 2017 dio
302 1952 404 2032 bello,
436 1951 510 2018 licet
534 1965 670 2041 urgente
695 1953 860 2040 periculo,
885 1977 959 2019 cum
983 1951 1112 2020 Carnea
1136 1955 1235 2018 insta·

220 2086 314 2155 rent,
352 2098 478 2163 semper
506 2077 547 2142 ad
574 2099 614 2142 ea
639 2075 831 2142 celebranda
855 2075 985 2142 domum
1009 2075 1178 2155 redibant,
1203 2089 1236 2141 et

219 2205 292 2284 post
316 2195 412 2262 ferias
437 2197 567 2263 demum
590 2197 828 2284 expeditionem
844 2197 1069 2284 suscipiebant.
1098 2196 1192 2263 Sioe.
1205 2221 1236 2285 g.

219 2317 406 2384 Herodotus
431 2332 563 2397 narrat,
588 2321 863 2406 appropinquante
889 2319 1025 2385 Xerxe:
1049 2319 1128 2399 μετὰ
1146 2317 1237 2382 δὲ-

220 2446 362 2523 Κάρνεια
395 2447 454 2522 γάρ
488 2463 540 2521 σφι
573 2435 612 2520 ἦν
637 2440 798 2522 ἐμποδὼν,
823 2479 869 2492 -—
897 2439 1026 2523 ἔμελλον
1050 2445 1237 2524 ὁρτάσαντες

222 2559 275 2618 καὶ
298 2555 439 2638 φυλακὰς
467 2556 613 2632 λιπόντες
642 2562 677 2624 ἐν
700 2568 740 2644 τῇ
762 2567 914 2646 Σπάρτῃ,
939 2563 1021 2626 κατὰ
1043 2566 1138 2646 τάχος
1163 2562 1238 2647 βοη-

224 2680 333 2754 tln'cetv
355 2673 507 2759 πανδημεί
523 2677 552 2762 2)
595 2692 626 2742 et
650 2679 724 2744 belli
749 2680 1013 2768 Peloponnesiaci
1038 2681 1238 2767 temporibus

222 2797 349 2882 saepius
385 2797 590 2884 Thucydides
626 2822 680 2864 eos
710 2802 742 2864 in
772 2802 878 2866 media
907 2803 1110 2889 expeditione
1135 2803 1237 2868 socios

219 2917 376 2984 dimisisse
401 2933 434 2985 et
458 2921 497 2986 ad
522 2922 590 2986 dies
614 2922 711 2988 festos
729 2922 938 2988 celebrandos
955 2922 1087 2988 domurn
1104 2923 1236 2989 rediisse

220 3054 330 3108 narrat
346 3042 388 3129 3).

268 3161 339 3227 Nec
374 3161 510 3250 Spartae
546 3175 694 3242 tantum,
733 3176 768 3228 ut
800 3169 870 3249 jam
902 3166 1003 3230 verbo
1031 3157 1237 3244 monuimus,

224 3277 352 3348 Carnea
387 3285 650 3364 celebrabantur,
687 3284 744 3350 sed
780 3296 873 3351 erent
909 3288 1056 3351 omnibus
1092 3287 1237 3353 Doribus

223 3405 424 3481 communia,
447 3407 601 3493 imprimis
625 3410 659 3474 in
688 3407 937 3496 Peloponneso:
964 3409 1098 3496 vestigia
1123 3433 1236 3476 eorum

220 3529 402 3595 invenimus
427 3527 569 3615 Gythei,
593 3531 785 3607 Messenae,
811 3529 1044 3611 cardamulae,
1067 3531 1235 3611 Leuctris,

221 3651 400 3741 Sicyonae,
437 3651 551 3741 Argis,
588 3652 752 3740 Byzantii,
789 3651 974 3741 Syracusis,
1010 3655 1235 3732 Tauromenii,

229 3871 452 3880 -...—-—-—

223 4005 318 4054 theon.
334 4005 364 4063 V,
379 4007 426 4053 83:
445 4007 481 4055 dar
494 4007 532 4054 ‘clv
544 4006 610 4054 adala
623 4007 661 4054 eal
674 4005 716 4054 Δία
730 4008 768 4054 καὶ
779 4001 897 4073 Ἠγήτορα
910 4006 1012 4054 καλοῦσιν
1026 4000 1136 4072 'Ap-ystor,
1152 4005 1191 4055 tra
1210 4009 1237 4055 τὸ

223 4088 307 4153 Κάρνον
325 4089 453 4150 ἡγήσασθαι
470 4088 511 4134 τοῦ
530 4088 647 4152 caparam
665 4086 689 4131 et
715 4084 845 4147 Xenophon
862 4087 892 4144 (P)
910 4083 937 4131 de
959 4084 1018 4147 Rep.
1042 4083 1125 4134 Laced.
1148 4085 1191 4142 13,
1211 4085 1235 4132 2.

223 4167 348 4229 Spartanos
364 4169 418 4214 ante
434 4163 603 4228 expeditionem
616 4163 671 4212 Jovi
685 4162 792 4232 ‘hydropa
810 4163 937 4212 sacrificare
953 4179 1059 4212 carram.

258 4245 282 4303 l)
300 4245 402 4308 Hesyeh.
418 4261 442 4293 v.
459 4252 606 4312 Kapteo'trat,
625 4243 655 4292 V.
671 4243 712 4303 II,
731 4261 754 4308 p.
774 4243 829 4292 151.

256 4327 281 4384 2)
301 4325 387 4374 Herod.
406 4326 470 4384 VII,
486 4327 542 4374 206.
757 4385 759 4388 Ι

257 4409 282 4467 3)
299 4405 402 4469 Thucyd.
420 4407 450 4468 V,
470 4409 514 4468 54,
534 4407 565 4461 75
583 4407 606 4454 et
623 4406 663 4458 76.
