3270 5382
913 455 935 528 6

416 677 463 748 Et
485 681 615 760 iterum,
640 677 695 744 ubi
720 679 754 745 in
778 679 923 744 intimam
948 701 1007 744 nos
1030 679 1129 745 vitam
1154 677 1359 743 domesticam
1381 677 1432 742 in-

420 803 524 881 ducit,
552 801 616 868 filio
645 801 844 888 persuadens
871 811 908 866 ut
936 823 970 866 so
995 800 1035 867 ad
1060 795 1282 889 Sophistarum
1307 821 1432 883 oporat-

418 928 544 1008 σιήριοι
567 931 736 1010 sequatur,
760 923 840 987 haee
864 920 968 987 addit:

749 1134 795 1150 ·-
806 1136 851 1150 -
876 1101 962 1181 κάγώ
983 1101 1033 1165 τοί
1055 1125 1131 1166 ποτε

576 1211 635 1282 οἶδ’
657 1218 754 1295 ἑξέτει
776 1242 824 1284 σοι
848 1217 1054 1302 τραυλίσαντι
1076 1222 1263 1302 πιθόμενος,

574 1339 612 1403 δι’
633 1342 759 1421 πρῶτον
778 1334 896 1426 ὀβολὸν
920 1336 1036 1426 ἔλαβον
1058 1336 1283 1411 Ἦλιαστιιιὸν,

577 1459 690 1522 τούτου
710 1455 859 1541 ’πριαιμην
880 1479 928 1522 σοι
952 1457 1095 1531 Διασίοις
1116 1454 1256 1540 ἁμαξίδα
1269 1453 1310 1544 1).

419 1640 490 1706 Neo
514 1639 644 1707 fortuito
669 1643 798 1707 omnino
823 1641 943 1707 factum
967 1641 1096 1708 videtur
1118 1653 1156 1708 ut
1178 1641 1339 1706 hominem
1363 1662 1434 1705 rus·
1467 1659 1474 1674 ·

418 1763 538 1842 ticum,
562 1763 844 1850 simplicissimum,
868 1764 1021 1851 imprimis
1046 1763 1086 1828 de
1109 1764 1159 1830 his
1175 1763 1263 1830 feriis
1280 1763 1434 1849 antiquis-

419 1885 522 1964 simis,
546 1886 751 1952 semirustiois
775 1886 961 1974 loquentem
983 1887 1087 1974 iisque
1110 1886 1306 1976 gaudentem
1323 1885 1434 1963 faeiat,

419 2005 507 2092 quod
543 2006 584 2074 ad
620 2008 719 2094 ipsius
753 2007 826 2073 festi
862 2018 1012 2074 naturam
1045 2007 1269 2096 explicandam
1300 2007 1434 2094 alicujus

420 2127 574 2193 momenti
599 2149 668 2194 esse
692 2127 830 2194 videtur.
1247 2123 1251 2136 '

469 2245 623 2316 Ceterum
652 2248 738 2336 apud
767 2249 904 2316 Luoian.
928 2248 1106 2316 Icaromen„
1132 2247 1211 2336 Cap.
1236 2250 1281 2314 24
1304 2249 1435 2336 Jupiter

418 2373 503 2438 inter
526 2371 589 2438 alia
612 2371 807 2460 Menippum
831 2383 941 2461 rogat,
966 2374 1021 2460 qui
1044 2372 1101 2438 fiat
1116 2383 1154 2438 ut
1168 2372 1281 2439 Diasia
1291 2371 1360 2458 jam
1375 2393 1434 2459 per

418 2504 468 2560 tot
504 2516 605 2560 annos
641 2494 694 2560 ab·
717 2493 970 2560 Atheniensibus
996 2496 1061 2560 sint
1083 2496 1281 2574 intermissa3
1305 2517 1346 2561 ex
1370 2517 1435 2583 quo

421 2638 461 2681 ea
488 2615 544 2682 iilo
575 2626 721 2703 tempore
745 2616 901 2682 celebrari
925 2615 1055 2682 desiisse
1074 2617 1150 2703 jure
1173 2617 1308 2698 efficias,
1332 2639 1436 2705 eoque

418 2739 522 2826 magis
546 2759 620 2803 oum
644 2739 770 2804 nonnisi
795 2737 882 2825 apud
906 2739 991 2805 solos
1014 2738 1232 2808 Athenienses
1255 2743 1288 2806 hi
1310 2741 1435 2806 inveni·

419 2871 518 2926 antor
541 2860 609 2925 dies
632 2859 714 2926 festi.

465 2979 650 3062 Quominus
674 2993 780 3047 autem
805 2981 846 3046 de
869 2981 989 3047 Diasiis
1014 2982 1109 3068 plura
1133 2983 1291 3056 dicamus,
1307 2976 1383 3040 facit
1399 2985 1432 3039 et

418 3103 515 3189 hujus
539 3104 719 3191 scriptionis
742 3105 956 3192 propositum,
981 3105 1099 3192 quippe
1123 3098 1270 3187 quaeda
1295 3097 1433 3185 Dipoliis

418 3228 525 3314 potius
556 3238 646 3315 agat,
676 3239 709 3292 et
737 3251 814 3293 vero
840 3237 990 3294 accurata
1012 3223 1193 3291 Hermanni
1215 3223 1280 3307 jam
1303 3218 1434 3286 laudata

420 3349 600 3416 dissertatio
617 3349 658 3416 de
674 3349 795 3417 Diasiis
811 3359 844 3414 et
859 3347 951 3414 Jovis
967 3344 1122 3411 Meilichii
1139 3344 1228 3410 cultu
1244 3347 1278 3410 in
1296 3343 1431 3413 Schnei-

421 3470 539 3537 dewini
564 3471 735 3557 Philologo
759 3469 850 3536 Anni
876 3470 964 3536 1847
990 3467 1065 3534 inde
1090 3467 1131 3534 ab
1154 3469 1255 3535 initio.
1279 3507 1326 3521 -—

466 3715 522 3784 Sic
546 3717 613 3802 jam
644 3715 764 3782 Diasiis
792 3716 962 3801 sejunetis,
985 3713 1025 3780 de
1050 3715 1189 3801 Dipoliis
1213 3713 1378 3779 videamus
1402 3722 1435 3777 et

418 3840 558 3924 primum
584 3837 712 3925 quidem
738 3837 779 3904 de
803 3839 951 3916 nomine,
968 3835 1055 3924 quod
1070 3833 1241 3916 Διπόίεια,
1255 3831 1436 3899 ramata

420 3971 453 4024 et
476 3956 629 4023 Διιπίλια
654 3961 807 4048 seriptum
832 3960 1004 4026 invenitur.
1046 3955 1145 4041 Quod
1162 3959 1203 4026 ad
1219 3961 1359 4046 priorem
1375 3980 1433 4024 vo-

421 4085 465 4150 ois
501 4094 626 4169 partem
654 4085 790 4163 attinet,
812 4085 887 4169 jure
917 4082 1154 4152 Grammaticus
1183 4084 1268 4172 apud
1293 4082 1433 4150 Bekker.

452 4361 476 4421 1)
494 4360 553 4411 Ibid.
572 4361 629 4412 861.
