3270 5382
684 525 731 595 35

201 749 318 815 mensis
341 742 607 832 Metageitnionis
632 741 805 828 quotannis
826 741 860 807 in
885 738 1021 820 Croniis,
1037 739 1215 829 Porphyrii

201 871 308 938 adhuc
343 878 468 946 aetate,
512 863 616 932 homo
651 864 911 943 sacrificabatur,
948 863 1035 951 quod
1076 867 1215 950 antiquis

202 990 398 1080 temporibus
423 989 478 1056 diu
502 989 547 1054 ita
574 987 727 1066 obtinuit,
750 997 863 1075 postea
886 1009 964 1054 vero
989 987 1076 1052 hune
1096 987 1130 1052 in
1146 1010 1215 1052 mo-

201 1112 279 1178 dum
303 1122 351 1178 est
375 1120 548 1188 mutatum,
573 1120 610 1174 ut
633 1120 703 1175 tum
727 1108 910 1204 maleficum
930 1109 1042 1176 mortis
1062 1108 1214 1176 condom-

200 1245 314 1301 netum
337 1233 379 1300 ad
402 1233 464 1300 hoe
492 1233 700 1299 adservarent
724 1242 756 1298 et
781 1240 872 1300 extra
896 1241 1005 1319 portas
1022 1232 1099 1298 vino
1117 1232 1215 1296 obru-

200 1366 269 1422 tum
303 1363 491 1421 mactarent.
509 1353 549 1439 1).
597 1351 692 1418 Elide
728 1375 824 1440 porro
861 1329 1044 1419 sacerdotes
1074 1350 1217 1418 Βασίλαι

203 1479 292 1558 dieti,
315 1489 460 1564 tempore
481 1476 674 1563 aequinoctii
697 1474 853 1555 vernalis,
878 1475 965 1563 quod
989 1473 1076 1562 apud
1097 1496 1152 1538 eos
1169 1482 1218 1536 est

201 1624 312 1668 mense
342 1595 503 1683 Ἐλαφίῳ,
539 1601 574 1664 in
603 1599 768 1666 cacumine
798 1599 916 1666 montis
946 1595 1087 1666 Saturno
1112 1596 1217 1672 sacri,

201 1725 277 1790 huie
309 1722 370 1788 deo
406 1721 561 1788 sacrificia
596 1721 796 1808 peragebant
814 1719 855 1807 2).
908 1717 1009 1806 Apud
1047 1716 1218 1784 Thessalos

203 1847 320 1912 similes
350 1843 530 1933 agebantur
566 1842 634 1910 dies
658 1844 751 1922 festi,
779 1844 835 1930 qui
859 1842 900 1908 ab
925 1843 1001 1928 ipsis
1026 1850 1218 1928 repetuntur

203 1967 370 2056 Pelasgis,
405 1961 555 2051 Πελώρια
588 1966 664 2032 dieti
676 2013 686 2046 ,
720 1987 858 2052 quornm
881 1963 1040 2050 originem
1064 1973 1096 2027 et
1120 1963 1217 2028 ratio-

203 2113 291 2170 nem,
313 2111 443 2176 prorsus
469 2086 597 2156 Croniis
622 2089 877 2164 convenientem,
901 2085 1001 2152 refert
1021 2084 1105 2150 Bato
1131 2083 1219 2171 apud

204 2209 422 2278 Athenaeum.
445 2211 545 2290 XIV,
582 2213 640 2290 45,
665 2213 722 2292 τὴν
747 2209 812 2276 τῶν
840 2203 1089 2292 Σατουρναλίων
1109 2210 1219 2292 ἑορτὴν

202 2331 481 2418 Ἑλληνικωτάτην
520 2355 640 2400 vocans
664 2330 707 2418 3).
764 2331 912 2400 Perinthi
945 2352 1065 2396 nomen
1100 2330 1219 2396 mensis

202 2452 367 2535 Κρόνιών,
392 2461 425 2516 et
448 2449 514 2518 illio
537 2454 659 2538 Κρόνια
678 2452 777 2520 fuisse
793 2452 954 2520 celebrata
969 2451 1113 2518 indicare
1128 2451 1220 2518 vide-

204 2569 309 2656 turi).
356 2571 409 2636 De
445 2569 575 2658 reliquis
603 2573 701 2638 sacris
740 2573 817 2640 huie
841 2573 901 2640 deo
925 2571 1063 2660 peractis
1087 2571 1220 2657 ejusque

113 2737 114 2740 =
199 2693 293 2790 pultu
322 2695 475 2760 universo
501 2692 565 2759 vid.
589 2693 739 2771 Heffter‚
768 2697 801 2761 in
827 2693 1030 2784 Allgemeine
1055 2690 1220 2758 Sohulzei-

184 2807 286 2904 ‘'tung
310 2817 387 2882 anni
413 2817 524 2895 1833,
546 2839 577 2903 p.
604 2817 670 2882 225
695 2838 762 2902 sqq.
787 2827 821 2882 et
843 2841 924 2903 qnos
948 2819 1024 2885 citat
1055 2817 1220 2884 Herman-

204 2963 288 3019 uus,
312 2937 432 3005 Lehrb.
456 2938 514 3004 der
539 2937 782 3006 Gottesdienstl.
804 2935 944 3004 Alterth.
960 2965 991 3028 p.
1012 2941 1054 3006 λλ
1060 2941 1091 3018 5,
1113 2938 1169 3005 Nu
1182 2939 1219 3002 ὃς

206 3081 264 3124 nos
288 3075 395 3128 autem
425 3061 520 3149 plura
540 3056 580 3126 de
603 3061 642 3125 iis
665 3058 868 3127 dicere-ideo
893 3060 1104 3150 supersedere
1127 3082 1221 3148 posse

201 3180 278 3264 jure
313 3181 478 3264 videmur,
516 3182 681 3269 quoniam,
717 3191 876 3269 qnatenus
901 3183 943 3250 ad
978 3186 1047 3271 ipsa
1078 3183 1220 3261 Cronia,

206 3301 337 3390 proprie
372 3305 416 3370 ita
446 3306 545 3386 dicta,
580 3305 784 3393 pertineant,
819 3327 886 3372 non
915 3315 1060 3384 constane
1088 3307 1165 3374 lieet
1188 3314 1222 3370 et

206 3447 247 3490 ex
270 3422 367 3490 Accii
390 3426 494 3493 verbis
515 3429 605 3494 initio
629 3427 789 3506 laudatis,
813 3427 958 3493 Monimo
968 3450 1049 3514 pare
1069 3425 1220 3504 Graium,

206 3559 238 3614 et
263 3571 302 3612 ex
328 3545 434 3614 Schol.
452 3547 717 3640 Aristoph.Nub.
742 3551 833 3618 397:
858 3547 923 3614 eta
942 3546 977 3612 δὲ
993 3550 1115 3630 Κρόνια
1134 3550 1220 3630 παρὰ
1310 3518 1312 3524 ¹

204 3745 411 3760 unu-um

238 3857 262 3915 1)
280 3853 397 3918 Porphyr.
415 3855 443 3900 de
459 3854 550 3904 Abstin.
569 3855 611 3914 11,
628 3858 667 3906 54.
694 3855 725 3906 In
741 3855 816 3906 insule
831 3855 888 3906 item
904 3853 975 3904 Crete
984 3852 1215 3904 seerifidishumanis

207 3930 245 3980 hic
261 3935 316 3984 deus
333 3931 458 3982 colebatur.
476 3933 514 3982 cf.
531 3934 581 3982 eod.
600 3936 658 3999 Cap.
672 3936 713 3986 56.

242 4012 266 4070 2)
282 4013 382 4062 Pausan.
399 4011 449 4068 VI¹
468 4012 513 4071 20,
532 4013 555 4060 1.

241 4093 265 4149 3)
283 4094 326 4143 Cis.
352 4094 380 4142 de
401 4091 512 4142 similibus
536 4092 561 4140 in
582 4091 632 4141 aliis
653 4107 743 4156 quoque
758 4095 823 4144 feriis
838 4095 941 4145 moribus
957 4094 1012 4143 ibid.
1031 4093 1089 4158 Cap.
1106 4095 1152 4150 44,
1166 4092 1215 4141 Eu-

206 4173 277 4221 stath.
292 4175 319 4222 ad
335 4174 402 4223 Iliad.
417 4173 445 4230 P,
459 4187 497 4221 ns.
512 4172 573 4230 132,
591 4167 645 4220 Vol.
656 4172 702 4232 IV,
719 4190 743 4240 p.
760 4176 800 4233 11,
818 4176 850 4224 22
867 4176 904 4226 ed.
922 4175 987 4240 Lips.
1003 4172 1059 4222 ibid.
1076 4190 1101 4238 p.
1111 4174 1155 4230 14,
1172 4174 1216 4230 20,

206 4257 230 4300 et
247 4251 356 4317 Spalding
372 4255 397 4302 in
411 4251 526 4303 Abhnndl.
541 4251 582 4300 der
598 4249 686 4300 Berlin.
703 4251 816 4302 rilindem.
832 4255 949 4312 leon-11,
968 4271 992 4318 p.
1011 4254 1042 4307 78
1060 4269 1094 4318 sq.

240 4337 265 4393 4)
282 4333 396 4397 Excerpte
421 4350 447 4384 ex
473 4333 545 4399 Papia
568 4332 593 4383 iu
610 4330 752 4384 Schneider.
770 4331 855 4383 Philol.
873 4333 911 4384 Αἰ.
930 4334 1008 4394 1847,
1027 4333 1069 4394 11,
1087 4349 1111 4400 p.
1129 4333 1178 4384 248
1196 4336 1220 4384 et

207 4415 263 4468 267.
