3270 5382
872 443 915 504 22

440 650 538 734 Quod
564 653 604 718 nd
632 655 787 743 originem
815 665 846 719 et
870 677 988 720 nomen
1006 653 1238 741 Apaturiormn
1253 652 1406 740 pertinet,

391 775 494 841 multa
522 773 646 862 antiqui
670 787 802 841 nnrrant
832 775 873 841 ‹le
895 799 1010 864 pugna
1034 775 1171 862 quadam
1194 773 1408 839 Athenienses

391 897 477 962 inter
501 907 534 960 et
557 897 697 961 Boeotos
723 896 762 962 de
786 897 925 975 linibus,
950 921 1014 984 qua
1038 895 1224 962 Melanthus
1248 896 1316 960 sive
1333 893 1408 960 Me-

391 1017 553 1095 lanthius,
590 1019 841 1086 Atheniensium
877 1043 955 1094 rex,
983 1043 1002 1084 a
1025 1018 1156 1086 Baccho
1180 1013 1407 1104 Melanaegide

392 1140 445 1205 vel
470 1139 593 1207 eJove
617 1139 823 1226 dnmqroplep
846 1142 995 1230 adjutus,
1023 1141 1196 1209 Xanthum
1220 1142 1288 1206 sire
1311 1138 1408 1206 Xen-

391 1261 518 1340 thium,
542 1261 773 1328 Thebanorum
797 1287 925 1352 regem,
948 1261 1076 1341 fraude,
1093 1261 1200 1348 α’πάιῃ
1218 1285 1409 1328 conversum

391 1383 425 1448 in
458 1385 632 1449 certamine
669 1385 824 1472 singulari
861 1385 1058 1452 interfecerit
1081 1385 1122 1471 1).
1170 1382 1266 1466 Quae
1301 1394 1409 1450 tamen

391 1503 521 1584 fabula,
550 1518 587 1570 ut
617 1507 737 1572 multae
766 1508 869 1588 aliae,
899 1508 1004 1595 potius
1033 1507 1074 1572 ad
1102 1505 1251 1573 vocabuli
1277 1516 1409 1593 etymon

392 1626 624 1713 explicandum
644 1629 719 1693 ficta
743 1652 812 1694 esse
836 1629 972 1694 videtur.
1014 1627 1102 1694 Fieri
1129 1627 1260 1716 quidem
1289 1637 1410 1716 potest,

391 1759 429 1814 ut
454 1746 692 1826 Athenienses,
717 1750 828 1816 talium
853 1773 963 1816 rerum
988 1759 1149 1830 amantes,
1173 1751 1206 1816 in
1223 1749 1409 1816 memoriam

391 1869 503 1936 similis
527 1872 702 1951 victoriae,
727 1872 775 1938 his
799 1873 999 1959 potissimum
1023 1872 1135 1940 diebus
1155 1895 1246 1938 sacra
1268 1883 1300 1938 et
1318 1873 1409 1950 ritus,

393 1989 434 2056 de
471 1993 588 2077 quibus
623 2017 697 2058 mox
733 1995 878 2080 pluribus
907 1992 1108 2075 videbimus,
1131 1995 1348 2074 instituerint,
1372 2004 1410 2060 ut

393 2115 439 2180 ita
466 2137 661 2202 proavorum
689 2117 825 2204 gloriam
856 2127 888 2184 et
917 2118 1038 2184 bonum
1063 2117 1192 2204 aliquod
1215 2140 1310 2182 omen
1335 2139 1409 2183 eum

392 2235 578 2304 inductione
614 2239 646 2302 in
683 2240 835 2322 φρατρίας
869 2249 903 2304 et
931 2239 1021 2305 initio
1052 2239 1125 2305 ideo
1153 2239 1238 2304 vitae
1262 2238 1410 2325 politicae

393 2358 629 2445 conjungerent
644 2356 688 2442 2);
714 2360 817 2446 ipsum
836 2381 914 2426 vero
934 2383 1051 2426 nomen
1068 2361 1165 2448 longe
1181 2357 1409 2438 verosimilius,

392 2487 430 2544 ut
449 2481 516 2566 jam
542 2479 689 2546 nonnulli
705 2481 828 2566 antiqui
847 2494 879 2547 et
895 2483 980 2548 inter
992 2484 1187 2549 recentiores
1199 2480 1409 2558 Welcherus,

392 2601 602 2682 Boeckhius‚
640 2603 841 2683 Muellerus,
877 2603 1106 2682 Hermannus,
1143 2605 1287 2670 Meierus
1323 2603 1410 2670 lece·

392 2735 470 2790 runt
485 2726 539 2810 3),
563 2749 603 2790 ex
628 2739 651 2790 ᾱ
675 2727 823 2808 ,‚simul,'’
847 2739 883 2793 ut
907 2729 941 2792 in
959 2731 1100 2801 ἄκοιτις,
1116 2723 1246 2813 ἄλοχος,
1261 2738 1294 2792 et
1305 2727 1410 2806 πατὴρ

392 2848 444 2912 vel
470 2850 574 2933 πάτρα
599 2847 779 2929 derivatur,
804 2863 840 2916 ut
864 2852 928 2916 sint
952 2851 1042 2936 quasi
1066 2851 1294 2930 dponerodptoe,
1320 2841 1407 2928 quod

393 2971 432 3034 iis
456 2970 653 3037 solemnibus
678 2983 786 3057 patres
811 2971 860 3035 vel
885 2971 991 3058 potius
1015 2969 1176 3058 phratrias
1199 2963 1408 3030 convenirent

392 3089 570 3156 liberorum
604 3090 881 3158 inscribendorum
914 3091 1003 3158 etin
1027 3089 1184 3178 phratrias
1207 3079 1408 3168 recipiendo·

391 3233 465 3278 rum
490 3234 607 3289 eausa,
632 3214 687 3299 qui
712 3215 861 3301 princeps
887 3225 920 3278 et
944 3212 1171 3301 gravissimus,
1196 3214 1232 3270 ut
1257 3203 1408 3289 deinceps

392 3334 594 3411 videbimus,
619 3337 653 3400 in
677 3338 715 3400 iis
739 3336 801 3402 fuit
826 3346 924 3400 aetus.

440 3455 635 3542 Agebantur
667 3457 699 3520 hi
727 3457 794 3520 dies
822 3454 894 3518 festi
926 3451 1002 3520 Jovi
1043 3450 1211 3526 Phratrio,
1238 3448 1408 3514 Minervae

395 3623 608 3634 ——0--1-——1

426 3705 450 3763 1)
468 3702 537 3752 vide.
555 3701 633 3751 Schol.
649 3700 677 3752 ad
694 3699 786 3750 Pluton.
804 3700 936 3760 limacum,
954 3717 978 3767 p.
997 3701 1072 3750 2113.
1096 3699 1237 3764 Harpocrut.
1251 3695 1407 3767 aftumist.

393 3783 495 3846 Etymol.
518 3783 556 3832 M.
578 3800 601 3833 v.
624 3781 735 3846 Polyaen.
753 3783 855 3846 strateg.
873 3781 957 3842 1,1e.
974 3782 1124 3838 Bachmnnn,
1142 3779 1228 3828 Auecd
1247 3780 1290 3828 Gr.
1308 3796 1333 3844 p.
1352 3779 1408 3828 112.

393 3863 499 3920 Bekker,
525 3861 613 3912 Anecd
639 3861 682 3911 Gr.
708 3859 735 3920 1,
761 3877 785 3926 p.
811 3861 875 3920 416,
901 3861 959 3915 417.
985 3859 1050 3909 Suid.
1068 3875 1091 3909 v.
1109 3857 1232 3930 ’Anarelp
1252 3859 1332 3908 conon
1347 3856 1408 3922 apud

394 3943 465 3992 Phot.
480 3941 591 3992 Biblioth.
606 3959 631 4008 p.
646 3943 708 4000 230,
725 3941 765 3991 12.
781 3941 817 3989 cd.
833 3941 935 3990 Hoeaeh.
950 3939 1028 3990 Schol.
1038 3939 1158 4005 Aristoph.
1167 3939 1222 3988 Pac.
1231 3953 1254 3987 v.
1264 3937 1321 3986 890.
1330 3936 1408 3986 Schol.

394 4023 486 4072 Pluton.
504 4039 528 4090 p.
545 4024 578 4072 49
595 4027 619 4072 et
636 4023 682 4073 201
701 4021 737 4070 ed.
756 4021 852 4070 Rnhuk.
871 4023 908 4070 Cf.
926 4021 1011 4070 Meier.
1029 4020 1046 4070 l.
1060 4020 1076 4069 l.

426 4105 451 4162 2)
468 4103 506 4152 Cf.
523 4102 627 4162 Plutum,
645 4101 757 4166 Beitrilge
774 4117 816 4150 aur
832 4101 930 4151 kermtn.
949 4102 988 4149 das
1005 4100 1104 4148 Attisch.
1121 4098 1220 4155 Rechts,
1239 4114 1262 4161 p.
1278 4095 1334 4145 151.

427 4185 451 4242 3)
469 4183 514 4232 cr.
538 4187 608 4232 auett.
632 4181 692 4248 apud
709 4180 793 4240 Meier,
812 4181 828 4230 l.
843 4181 859 4230 l.
877 4185 900 4230 st
918 4179 1055 4238 Hermann,
1074 4177 1160 4229 Lehrh.
1179 4179 1219 4227 der
1236 4175 1408 4226 Gotteedienstl.

393 4263 494 4312 Alterth.
518 4263 559 4312 der
581 4265 632 4320 Gr.¹
657 4281 680 4327 p,
707 4263 767 4321 295,
792 4263 838 4310 Νι.
860 4263 900 4311 28.
935 4261 1055 4319 ll'elclrer,
1077 4257 1408 4316 Rheiuisch.hluseu1n,Ai.

394 4343 470 4403 1818,
490 4345 538 4392 δίει
556 4343 635 4402 Iletil,
657 4360 680 4408 p.
699 4345 747 4391 44⁵3
765 4358 815 4406 sqq.
