3270 5382
883 419 925 484 tt

446 627 599 702 Secundo
635 631 700 711 die,
736 643 773 698 ut
807 633 962 714 vibmur,
999 655 1091 702 saera
1121 633 1311 702 obtinebant
1333 633 1412 702 Jori

397 753 549 822 Phratrio
573 764 605 820 et
628 753 814 834 Minervae,
838 756 925 843 apud
947 752 1179 836 Athenienses,
1204 766 1242 821 ut
1264 755 1411 836 videtur,

397 876 529 944 Baeobo
553 899 683 963 quoque
705 875 941 966 Melanaegidi‚
966 901 985 943 a
1009 876 1124 964 quibus
1149 877 1325 994 sucrifici'p,
1347 877 1410 944 ἀπὸ

396 986 451 1050 τοῦ
473 988 542 1052 ἄνω
565 985 665 1068 ἐρύειν
690 984 731 1048 τὰ
755 984 866 1067 ἱερεῖα,
889 986 999 1072 prouti
1023 985 1057 1050 in
1082 983 1172 1050 eultu
1196 985 1332 1052 deorum
1357 1007 1411 1050 su·

396 1127 550 1193 perorum
562 1105 632 1170 fieri
643 1103 767 1170 solebat
783 1103 827 1191 l),
844 1106 912 1194 ipse
925 1105 992 1172 dies
1005 1127 1122 1172 nomen
1134 1104 1283 1172 habebat.
1309 1104 1409 1187 Quod

395 1227 588 1294 sacrificium
600 1227 736 1316 publicio
748 1229 905 1298 sumtibus
917 1229 1014 1296 fuisse
1026 1229 1274 1316 peractum,vel
1286 1253 1326 1296 ex
1338 1230 1409 1317 ipso

397 1345 597 1416 scholiastae
621 1348 724 1428 dioto,
748 1351 839 1434 ἑορτὴ
857 1346 1026 1433 δημοτελής
1048 1357 1138 1437 patet
1154 1360 1188 1416 et
1203 1351 1409 1436 antiquorum

395 1471 553 1538 festorum
583 1483 720 1538 naturae
748 1482 798 1538 est
827 1471 1039 1552 conveniens,
1067 1472 1143 1540 lieet
1166 1473 1353 1559 ceteroquin
1377 1484 1411 1538 et

396 1593 597 1680 singularum
618 1593 835 1679 phratriarum
857 1603 1055 1660 memoretur
1078 1616 1153 1660 area
1169 1595 1209 1681 2).
1256 1595 1409 1662 Viscera-

395 1715 515 1780 tionem
550 1737 648 1802 porro
680 1725 713 1780 et
739 1715 882 1780 omnium
906 1715 1024 1780 civium
1048 1715 1180 1803 epulum
1204 1716 1238 1782 in
1262 1739 1301 1782 eo
1324 1716 1409 1784 obti·

395 1837 504 1902 nuisse
526 1835 692 1924 probabile
716 1847 765 1902 est
780 1832 818 1921 3).

442 1959 554 2026 Tertio
571 1968 679 2024 autem
699 1958 762 2038 die,
774 1959 912 2024 maxime
925 1957 1121 2024 memorabili
1135 1969 1167 2024 et
1183 1959 1239 2046 qui
1254 1957 1409 2047 plurimas

394 2080 529 2168 praebet
556 2080 774 2160 difficultates,
798 2080 947 2146 solemnis
973 2104 1148 2168 puerorum
1173 2091 1206 2146 et
1229 2082 1410 2168 puellarum

395 2203 568 2269 curialibus
580 2202 759 2269 habebatur
771 2202 888 2269 oblatio
901 2225 1078 2290 eorumque
1094 2204 1128 2268 in
1144 2203 1224 2268 albis
1237 2204 1408 2292 inscriptio.

395 2326 472 2392 Hoc
507 2327 592 2392 enim
627 2326 781 2412 imprimis
817 2326 976 2410 φρατριῶν
1011 2336 1082 2392 erat
1117 2327 1308 2412 proprium,
1347 2327 1410 2394 boe

395 2449 534 2516 maxime
557 2453 623 2516 vim
646 2449 693 2514 eis
716 2447 880 2514 tribuebat
902 2447 1086 2535 politicam,
1109 2459 1178 2514 tum
1194 2450 1228 2516 in
1244 2449 1342 2517 rebus
1357 2474 1410 2518 sa·

396 2573 459 2638 eris
482 2581 552 2637 tum
575 2573 608 2637 in
631 2572 784 2658 privatis,
807 2581 844 2636 ut
868 2593 980 2636 euram
995 2582 1148 2660 gererent
1158 2573 1241 2657 juris
1258 2574 1409 2654 civitatis,

396 2705 430 2760 et
456 2694 593 2780 nequis
620 2693 682 2758 nisi
709 2717 749 2759 ex
769 2695 857 2781 justo
895 2695 1097 2760 matrimonio
1121 2696 1309 2781 parentibus
1333 2697 1411 2762 eivi-

395 2816 457 2883 bus
493 2815 549 2903 qui
580 2815 778 2882 connubium
804 2815 963 2882 haberent
990 2826 1200 2902 procreatur,
1225 2818 1257 2882 in
1283 2838 1337 2880 eas
1360 2818 1409 2880 in-

396 2938 578 3006 duceretur.
626 2935 735 3022 Quam
755 2939 916 3022 φρατριῶν
939 2949 1089 3004 naturam
1116 2938 1260 3026 pluribus
1276 2934 1409 2998 Platne-

396 3083 476 3140 rus,
508 3059 654 3126 Meierus
682 3071 716 3128 et
741 3060 858 3146 reliqui
882 3058 923 3126 ab
945 3058 1136 3128 Hermanno
1152 3055 1182 3141 4)
1206 3053 1328 3120 laudati
1351 3076 1409 3120 au·

397 3195 503 3252 etores
527 3182 788 3270 descripserunt,
813 3205 913 3270 quere
937 3206 978 3248 ne
995 3194 1101 3248 aetum
1117 3198 1214 3264 agere
1231 3174 1410 3255 videamur,

397 3305 457 3371 hos
481 3302 522 3370 de
546 3305 697 3370 universa
720 3305 781 3371 hae
804 3326 840 3369 re
864 3303 1017 3368 lectorem
1042 3311 1078 3364 ut
1102 3296 1196 3362 odeat
1214 3298 1409 3385 rogabimus.

444 3427 498 3492 De
526 3426 589 3492 hoo
615 3437 724 3492 autem
742 3427 817 3512 jure
841 3421 978 3488 civitatis
1002 3429 1039 3484 ut
1062 3420 1123 3485 rite
1147 3429 1328 3499 constaret,
1352 3419 1410 3485 de·

397 3550 517 3618 bebant
551 3547 646 3614 liberi
681 3572 721 3614 ex
751 3546 848 3634 justis
883 3543 1002 3629 nuptiis
1036 3544 1217 3631 procreati,
1245 3566 1349 3610 mares
1377 3554 1411 3608 et

431 3854 456 3914 1)
472 3854 508 3902 De
523 3851 574 3916 ipso
590 3847 700 3898 vombnlo
716 3845 763 3894 vid.
781 3843 847 3893 docte
861 3841 981 3906 disputem
997 3841 1092 3908 Collega
1102 3841 1252 3892 animemus
1260 3838 1332 3889 Elink
1339 3838 1410 3890 Sterk

398 3934 423 3985 in
440 3931 544 3997 Symbol.
561 3929 635 3978 Liter.
653 3927 684 3975 V.
699 3924 779 3982 VIII,
796 3939 822 3988 p.
835 3925 868 3972 44
885 3939 935 3988 oqq.

433 4016 458 4074 2)
475 4011 628 4076 l'heophrmt.
643 4007 752 4056 ehem.
771 4005 821 4063 XI,
834 4007 864 4054 ’5.

432 4096 458 4154 8)
475 4090 579 4156 Simplio.
596 4087 625 4137 orl
638 4086 736 4136 Arium.
753 4083 847 4148 Phyeio.
862 4083 907 4142 IV,
922 4099 947 4148 p.
963 4083 1010 4138 167
1023 4098 1045 4132 o.
1063 4082 1101 4132 cf.
1119 4081 1204 4140 Melet,
1218 4079 1235 4129 l.
1249 4079 1265 4129 l.
1281 4096 1306 4145 p.
1321 4080 1362 4129 13.

431 4176 458 4232 4)
475 4168 600 4220 Lehrbueh
615 4166 657 4216 der
673 4164 760 4229 grieeh.
778 4162 949 4214 Steotoelterth.
966 4180 991 4228 p.
1006 4164 1063 4213 220.
1081 4163 1127 4212 cr.
1144 4177 1202 4225 quae
1217 4161 1267 4226 ipse
1282 4161 1326 4208 luo
1341 4160 1370 4208 de
1386 4175 1412 4209 re

399 4254 481 4302 afferre
497 4265 548 4298 rum
564 4248 660 4295 oonetm
680 4245 705 4294 in
722 4245 820 4294 Dimert.
838 4243 916 4294 Jurid.
930 4243 959 4292 de
974 4243 1112 4292 teminorum
1129 4241 1264 4292 Atheniens.
1283 4241 1413 4291 oonditione

401 4331 460 4382 eivill
477 4345 521 4381 reo.
539 4328 604 4379 Jurir
622 4327 692 4378 Attici
709 4325 835 4392 principie,
854 4341 877 4391 p.
893 4325 924 4374 36
941 4339 976 4389 oq.
994 4327 1017 4376 et
1031 4325 1061 4374 bb
1079 4339 1128 4388 sqq.
