3270 5382
909 459 953 520 30

467 669 593 738 Eadem
617 669 772 738 solemnia
795 691 870 737 cum
894 670 1061 756 δοκιμασίᾳ
1085 672 1359 758 adolescentium,
1376 679 1431 746 ubi

419 790 462 858 ad
490 790 618 878 ἠλικίαν
646 793 884 880 pervenissent,
913 795 1098 881 conjuncta,
1129 799 1224 864 tortio
1254 797 1316 866 hoc
1339 799 1432 888 Apa-

418 915 577 981 turiorum
613 914 664 980 dio
700 915 874 982 obtinuisse
902 917 1060 984 videntur.
1108 917 1209 1002 Quod
1236 921 1312 988 licet
1335 935 1433 1010 neget

418 1037 588 1116 MoiernS,
611 1037 631 1102 l.
652 1036 672 1103 l.
696 1061 726 1126 p.
744 1040 798 1118 lt,
821 1040 863 1106 ob
889 1040 1043 1106 disertum
1067 1051 1177 1107 tamon
1199 1042 1342 1109 Pollucis
1367 1057 1431 1110 tes·

419 1159 587 1223 timonium
611 1155 822 1237 V111,107=
847 1159 890 1232 εἷς
907 1161 1035 1233 τοιίτονς
1059 1156 1144 1247 (τούς
1165 1161 1332 1251 φράτορας)
1358 1168 1432 1238 τούς

418 1301 452 1342 τε
472 1282 581 1361 κόρους
600 1281 653 1342 καί
677 1280 733 1352 τὰς
753 1283 847 1362 κόρας
869 1281 1000 1361 ιίςῆγον.
1021 1281 1076 1344 καί
1098 1283 1142 1355 είς
1164 1281 1292 1365 ἠλικίαν
1313 1285 1430 1370 παρελ-

416 1403 554 1474 θόντων,
574 1399 610 1464 ἐν
629 1405 669 1483 τῇ
688 1395 866 1485 καλουμένῃ
887 1398 1068 1481 κουριιίντιδι
1088 1400 1186 1485 ἡμέρα
1202 1402 1279 1486 ὑπὲρ
1290 1405 1348 1485 μίν
1363 1407 1431 1470 τῶν

413 1515 553 1602 οὶρρίνιον
585 1519 621 1580 τί
653 1519 778 1601 κοιίριον
807 1516 917 1593 ἕδνον,
947 1520 1026 1600 ὑπὲρ
1057 1515 1091 1582 δέ
1120 1523 1183 1585 τῶν
1205 1517 1345 1603 θηλειῶν
1370 1526 1429 1603 τὴν

412 1633 586 1719 γαμηλίανι
610 1635 649 1701 cf.
668 1635 809 1724 Hesych.
834 1659 862 1700 v.
884 1638 1067 1720 οἰνιστήρια,
1092 1649 1126 1704 et
1149 1639 1426 1728 verbaAristoph.

416 1757 516 1844 Vesp.
542 1759 632 1824 578:

436 1907 560 1974 παίδων
577 1909 684 1975 τοίνυν
702 1907 954 1992 δοκιμαζομένων
975 1908 1081 1974 αίδοῒα
1097 1915 1225 1996 πάρεστι
1243 1919 1400 1990 θεᾶσθαι,
1446 1939 1451 1946 ’

412 2060 454 2126 ad
477 2082 574 2146 quem
598 2057 705 2128 locum
730 2057 897 2124 Aristotel.
922 2069 1094 2146 corruptus
1119 2057 1195 2124 licet
1211 2061 1299 2147 apud
1317 2059 1425 2129 Schol.

410 2183 462 2245 ὅτι
474 2182 607 2266 ψήφῳοί
620 2181 843 2261 ἐγγραψάμενοι
857 2177 1080 2261 δοκιμάζονται
1093 2181 1124 2243 οἱ
1136 2183 1279 2265 νεώτεροι
1291 2187 1333 2266 μὴ
1346 2187 1427 2250 ἐτῶν

411 2293 455 2382 ιη’
473 2291 535 2367 εἷεν
546 2337 586 2348 -
603 2299 644 2366 ob
668 2299 748 2364 haec
770 2299 869 2387 igitur
885 2297 1003 2364 diserta
1019 2299 1202 2364 testimonia
1219 2311 1251 2366 et
1269 2302 1428 2389 reliquam

411 2423 626 2510 phratriarum
644 2433 791 2486 naturam
809 2444 883 2486 cum
900 2419 1082 2501 Boeckhio,
1106 2421 1261 2489 Platnero
1279 2440 1312 2490 ot
1336 2425 1426 2493 Her-

412 2568 531 2611 manno
549 2546 593 2631 l),
617 2568 687 2610 rem
710 2567 826 2610 revera
849 2545 894 2610 ita
917 2568 987 2610 sese
1012 2545 1160 2612 habuisse
1184 2560 1345 2635 putamus.
1385 2549 1427 2616 In

412 2669 499 2733 hunc
534 2669 619 2732 onim
654 2667 751 2732 finem
787 2690 825 2732 ea
860 2667 1058 2734 instituenda
1091 2667 1189 2734 fuisso
1218 2671 1363 2750 videtur,
1387 2681 1425 2736 ut

413 2787 542 2854 adultus
566 2811 677 2854 eorum
696 2785 820 2873 jurium
843 2787 936 2853 lieret
962 2789 1135 2875 particeps,
1165 2814 1247 2878 quae
1271 2793 1368 2856 otiam
1392 2794 1425 2854 in

411 2911 628 2998 phratriarum
652 2909 852 2975 institutione
876 2910 978 2996 magis
1002 2909 1164 2996 politicam
1188 2907 1349 2975 habebant
1365 2930 1423 2970 na-

410 3047 526 3099 turam.
571 3031 741 3098 Phratriae
766 3034 851 3098 onim
875 3053 1106 3118 nonnunquam
1131 3025 1343 3113 cognoscendi
1370 3026 1422 3091 vel

411 3155 493 3222 adeo
518 3167 637 3221 statuta
660 3153 819 3220 condendi
838 3157 893 3242 jus
908 3153 1071 3220 habebant
1086 3151 1133 3235 2)‚
1156 3147 1197 3212 ad
1215 3169 1297 3233 quaa
1315 3150 1423 3215 omnia

411 3277 591 3344 exercenda
615 3277 694 3342 haec
718 3274 885 3358 δοκιμασία
908 3274 1059 3356 requisita
1082 3268 1180 3332 fuisse
1205 3268 1342 3338 videtur.

457 3397 587 3468 Gentius
611 3412 720 3464 tamen
745 3405 882 3471 constat,
907 3390 1019 3455 eadem
1035 3391 1159 3456 rationo
1176 3414 1293 3458 uxores
1309 3415 1423 3460 recens

410 3533 527 3609 nuptas
551 3523 584 3588 in
608 3521 796 3586 maritorum
820 3514 980 3604 phratrias
1003 3513 1101 3580 fuisse
1125 3513 1340 3595 introductas,
1366 3539 1421 3582 ea·

408 3668 547 3732 rumque
571 3643 701 3708 nomine
724 3641 783 3720 τὴν
803 3632 962 3718 γαμηλίαν
979 3659 998 3700 a
1017 3637 1141 3702 maritis
1157 3637 1254 3702 fuisse
1271 3637 1422 3717 oblatam,

407 3791 473 3854 quo
493 3770 526 3834 in
543 3786 707 3832 sacrorum
723 3760 829 3826 mariti
846 3761 1105 3828 communionem
1121 3783 1202 3825 uxor
1215 3759 1371 3826 transibat
1382 3760 1423 3847 ³),

443 3970 468 4028 1)
486 3967 554 4018 Vidd.
569 3963 671 4015 Boookh.
688 3963 714 4011 in
736 3962 790 4012 Iud.
808 3962 883 4012 lacot.
900 3960 979 4011 Borol
996 3965 1053 4014 acal.
1069 3964 1109 4014 Ai.
1125 3964 1203 4023 1819,
1221 3980 1245 4030 p.
1262 3966 1287 4012 4.
1312 3961 1422 4022 Plutnar,

407 4046 425 4097 1.
443 4047 460 4096 l.
477 4065 501 4112 p.
517 4047 572 4098 147.
597 4045 732 4100 Hermann,
747 4042 764 4092 l.
779 4042 796 4091 l.
811 4059 835 4108 p.
850 4043 898 4094 221
917 4045 941 4092 et
957 4058 1015 4107 quoa
1031 4059 1102 4109 porro
1119 4044 1191 4103 citat,
1205 4045 1268 4102 228,
1285 4045 1332 4092 Νι.
1348 4046 1388 4094 14.

443 4129 468 4186 2)
485 4128 530 4175 cu.
547 4127 619 4174 auctt.
635 4123 660 4174 in
677 4123 777 4172 Dissert.
793 4139 846 4173 moa
862 4123 924 4176 uuo.
941 4140 965 4188 p.
984 4125 1024 4173 59.

442 4209 467 4267 3)
484 4204 619 4254 Dicaearch.
642 4203 703 4268 apud
728 4205 840 4268 Stephon.
866 4203 895 4253 do
915 4203 968 4252 urb.
989 4221 1014 4253 v.
1036 4210 1118 4259 πάτοα
1130 4231 1165 4245 -
1180 4231 1214 4244 -
1230 4205 1308 4262 ίπιιδή
1320 4225 1379 4263 τινος
1390 4208 1424 4264 τίς

407 4290 490 4355 ίτίμακ
503 4289 596 4354 πάτραν
609 4288 732 4353 (φράτραν)
750 4287 851 4338 ἐδίδοσαν
865 4290 994 4354 θνγατίμοις
1006 4288 1100 4340 ἑαυτῶν·
1115 4290 1140 4337 ον’
1151 4291 1198 4354 γὰρ
1213 4290 1248 4336 lut
1261 4297 1307 4336 τῶν
1314 4303 1421 4354 πατρονο-

406 4378 472 4420 anton
491 4370 555 4437 ἱερῶν
571 4366 621 4434 εἶχε
640 4369 750 4418 κοινωνίαν
761 4372 776 4428 ἡ
789 4367 895 4432 δοθεῖσα,
912 4363 962 4418 ἀλλ’
973 4370 1005 4425 τίς
1020 4375 1061 4429 τὴν
1072 4373 1112 4420 τοῦ
1124 4369 1234 4432 λαβόντος
1247 4369 1316 4428 αὐτὴν
1330 4373 1417 4418 cmuci-
