3270 5382
646 515 733 582 ‘33

208 758 283 804 eum
311 727 675 802 Graecorum.Oroniis
707 727 960 808 confundamus,
991 750 1091 814 quare
1115 737 1224 816 poste·

207 862 346 938 riorum,
381 856 603 922 Romanorum
639 853 794 939 imprimis
825 851 885 928 hao
917 851 957 918 do
982 875 1018 918 re
1041 852 1225 918 testimonia

208 993 305 1050 eante
337 988 411 1046 sunt
447 975 649 1053 adhibenda,
684 998 712 1039 e.
737 998 768 1062 g.
804 974 944 1041 Luciani
975 971 1162 1040 Saturnalia
1193 985 1226 1040 et

210 1104 428 1182 Cronosolon‚
465 1104 499 1166 in
535 1099 650 1186 quibus
682 1098 760 1185 quid
788 1097 829 1163 ad
854 1096 1055 1164 Graecorum
1082 1095 1225 1177 Cronia,

210 1225 290 1314 quid
313 1239 423 1292 eontra
447 1222 490 1288 ad
512 1222 734 1288 Romanorum
759 1219 944 1288 Saturnalia
966 1223 1141 1309 pertineat,
1174 1221 1226 1286 di·

209 1349 365 1436 judicare,
392 1367 489 1433 saepe
507 1356 556 1410 est
573 1343 794 1410 difficillimum
811 1345 988 1431 negotium.
1017 1343 1093 1410 Hoo
1115 1354 1226 1410 autem

213 1473 360 1538 universe
390 1468 431 1534 de
458 1469 629 1554 utriusque
657 1466 769 1553 populi
791 1466 879 1532 feriis
904 1467 1111 1534 statuendum
1134 1466 1226 1533 vide-

211 1606 275 1674 tur,
311 1603 345 1658 et
381 1588 502 1656 Cronia
537 1601 570 1654 et
593 1586 777 1654 Saturnalia
802 1587 939 1655 eandem
963 1590 1123 1678 originem
1148 1612 1227 1656 ean-

212 1718 352 1800 demque
387 1712 537 1780 habuisse
572 1722 735 1790 naturam,
771 1711 847 1777 licet
875 1708 1058 1778 Saturnalia
1080 1711 1229 1778 Romana

213 1839 337 1924 majore
373 1833 493 1912 studio,
527 1834 648 1920 majore
683 1834 761 1898 item
789 1833 945 1922 religione
974 1844 1007 1900 et
1036 1835 1229 1922 perplures

214 1960 283 2025 diss
307 1979 403 2044 quarn
429 1953 630 2022 Graecorum
655 1953 777 2022 Cronia
799 1955 921 2021 fuerint
945 1955 1116 2022 celebrata.

263 2079 456 2169 Agebantur
486 2090 595 2146 autem
629 2079 662 2145 hi
694 2077 762 2144 dies
791 2079 865 2144 festi
894 2077 1034 2144 Athenis
1058 2080 1230 2164 quotannis

216 2204 333 2271 mensis
364 2201 681 2282 Hecatombaeonis,
708 2203 763 2288 qni
787 2213 882 2267 antea
906 2201 946 2266 ab
970 2201 1047 2288 ipsis
1069 2200 1119 2266 his
1143 2201 1231 2266 feriis

215 2322 363 2406 Koovo‘oo
399 2320 567 2386 dicebatur
589 2319 637 2404 1),
673 2320 725 2384 die
762 2322 952 2388 duodecimo
974 2319 1024 2410 2);
1059 2343 1119 2408 per
1152 2332 1233 2407 quot

215 2465 293 2510 vero
331 2443 398 2508 dies
427 2463 493 2506 non
519 2451 652 2506 constat.
686 2438 855 2508 Secundus
880 2443 948 2508 dies
973 2465 1087 2510 eorum
1111 2445 1231 2510 otiosus

217 2577 250 2632 et
273 2587 364 2632 moro
388 2563 556 2630 abundans
586 2564 726 2630 occurrit
749 2565 836 2651 apud
859 2564 1025 2631 Plutarch.
1049 2564 1090 2632 <le
1113 2565 1233 2632 Musio.

217 2687 298 2776 Cap.
323 2691 362 2766 2,
387 2709 406 2752 a
434 2709 498 2772 quo
521 2694 632 2751 tamen
658 2697 768 2752 utrum
802 2685 967 2753 Graecum
996 2711 1038 2754 an
1062 2709 1141 2754 vero
1164 2688 1233 2755 Ro-

217 2833 351 2878 manum
378 2809 576 2896 respiciatur
602 2808 742 2890 festum,
775 2808 918 2886 dubites3
943 2811 1131 2897 perplures
1155 2835 1233 2878 vero

191 2935 285 3030 'dies
308 2935 370 3000 hae
393 2931 493 2998 feriae
517 2941 607 2996 actae
630 2931 731 2999 fuisse
755 2931 916 2999 videntur.
947 2937 949 2942 ’

266 3055 401 3122 Summa
422 3054 575 3134 laetitia.
594 3054 658 3119 imo
682 3055 812 3120 licentia
835 3055 894 3121 hos
919 3055 987 3122 dies
1015 3055 1114 3122 festos
1136 3055 1235 3124 fuisse

223 3172 411 3254 celebratos,
430 3177 499 3263 jam
523 3197 564 3242 ex
588 3196 687 3262 supra
714 3172 853 3271 laudatis
876 3172 969 3239 Aoeii
1000 3176 1108 3242 verbis
1130 3187 1236 3262 patet,

222 3295 339 3382 quibus
362 3291 425 3362 alia
446 3299 589 3386 ipsorum
614 3297 821 3384 antiquorum
846 3293 1049 3365 Graecorum
1078 3298 1238 3378 accedunt

220 3419 422 3499 testimonia,
448 3442 490 3484 ne
513 3421 596 3486 forte
623 3421 731 3486 omnia
753 3420 836 3486 haee
851 3441 892 3485 ex
908 3419 1129 3486 Romanorum
1146 3443 1236 3487 more

222 3540 369 3607 desumta
391 3551 494 3628 putes.
540 3544 665 3629 Κρόνια
689 3543 775 3608 enim
799 3541 887 3630 apud
912 3541 1073 3622 Graecos,
1096 3541 1237 3608 Atheni-

222 3686 315 3728 enses
350 3664 481 3746 saltem‚
518 3667 644 3752 antiqua
681 3687 808 3751 quoque
845 3664 1028 3750 significant
1055 3673 1093 3728 ut
1120 3663 1173 3730 vel
1197 3687 1238 3731 ex

223 3782 389 3870 Aristoph.
421 3785 542 3852 Nubib.
577 3809 625 3853 vs,
651 3788 718 3853 397
755 3786 864 3872 ibique
900 3782 1006 3852 Sohol.
1035 3801 1169 3873 apparet
1182 3785 1238 3875 4),

226 3933 454 3950 m

258 4018 283 4076 1)
297 4017 401 4083 Εῐμιοῑ.
418 4017 457 4066 Μ.
473 4033 498 4068 v.
515 4014 707 4087 Ἓκατομβαιών,
725 4021 847 4072 Plutarch.
864 4019 977 4078 thesem,
995 4020 1024 4070 (l.
1043 4020 1084 4068 12.

258 4097 284 4156 2)
299 4098 421 4149 Demosth.
446 4097 499 4148 adv.
521 4098 646 4151 limooret.
671 4119 696 4166 p.
723 4102 784 4163 708,
812 4103 843 4150 10
869 4102 900 4151 R.
922 4099 1043 4165 Aristoph.
1057 4097 1121 4148 Nub.
1138 4115 1174 4151 vs.
1190 4100 1239 4156 397

224 4177 301 4240 ibique
317 4178 395 4228 Schol.

260 4261 285 4320 3)
302 4259 397 4325 Septem
421 4261 503 4312 saltem
528 4260 576 4310 dies
600 4263 661 4326 apud
683 4263 779 4314 Luriun.
801 4265 897 4316 Satura.
919 4262 981 4313 2ad
995 4262 1156 4312 Romanorum
1171 4261 1241 4312 feria

224 4339 346 4392 manifesto
362 4343 479 4405 pertinere
494 4341 611 4392 uidentur.

258 4423 284 4482 4)
302 4421 347 4474 cu.
357 4421 434 4474 Alexis
443 4424 504 4490 apud
512 4423 599 4474 Athen.
610 4422 664 4485 XV,
674 4425 715 4475 44.
733 4423 867 4489 Anthippus
875 4425 937 4491 apud
945 4425 1013 4478 eund.
1022 4424 1068 4489 Ix,
1077 4425 1107 4477 68
1116 4423 1241 4488 amat.

1143 4523 1160 4580 3
